
  
  
  
  
  
 
  
  <record xsi:schemaLocation="http://www.loc.gov/MARC21/slim http://www.loc.gov/standards/marcxml/schema/MARC21slim.xsd">
      <leader>00000cam a2200445 a 4500</leader>
      <controlfield tag="FMT">BK</controlfield>
      <controlfield tag="LDR">00000cam a2200445 a 4500</controlfield>
      <controlfield tag="001">004221993</controlfield>
      <controlfield tag="003">OCoLC</controlfield>
      <controlfield tag="005">20160106132937.0</controlfield>
      <controlfield tag="008">160106s1991    sp a     b    010 0 eng d</controlfield>
      <datafield tag="035" ind1=" " ind2=" ">
         <subfield code="a">(OCoLC)34110886</subfield>
      </datafield>
      <datafield tag="040" ind1=" " ind2=" ">
         <subfield code="a">CLE</subfield>
         <subfield code="b">eng</subfield>
         <subfield code="c">CLE</subfield>
         <subfield code="d">OCLCQ</subfield>
         <subfield code="d">OCLCG</subfield>
         <subfield code="d">GEBAY</subfield>
         <subfield code="d">DEBSZ</subfield>
         <subfield code="d">OCLCQ</subfield>
         <subfield code="d">OCLCO</subfield>
         <subfield code="d">OCLCQ</subfield>
         <subfield code="d">NNU</subfield>
      </datafield>
      <datafield tag="041" ind1="0" ind2=" ">
         <subfield code="a">eng</subfield>
         <subfield code="a">fre</subfield>
         <subfield code="a">spa</subfield>
         <subfield code="a">ger</subfield>
      </datafield>
      <datafield tag="043" ind1=" " ind2=" ">
         <subfield code="a">a-iq---</subfield>
         <subfield code="a">aw-----</subfield>
      </datafield>
      <datafield tag="050" ind1=" " ind2="4">
         <subfield code="a">DS71</subfield>
         <subfield code="b">.V44 1991x</subfield>
      </datafield>
      <datafield tag="082" ind1="0" ind2="4">
         <subfield code="a">935</subfield>
      </datafield>
      <datafield tag="245" ind1="0" ind2="0">
         <subfield code="a">Velles paraules :</subfield>
         <subfield code="b">ancient Near Eastern studies in honor of Miguel Civil on the occasion of his sixty-fifth birthday /</subfield>
         <subfield code="c">edited by P. Michalowski, P. Steinkeller, E.C. Stone, and R.L. Zettler.</subfield>
      </datafield>
      <datafield tag="260" ind1=" " ind2=" ">
         <subfield code="a">Sabadell (Barcelona), Spain :</subfield>
         <subfield code="b">Editorial AUSA,</subfield>
         <subfield code="c">[1991]</subfield>
      </datafield>
      <datafield tag="300" ind1=" " ind2=" ">
         <subfield code="a">290 pages :</subfield>
         <subfield code="b">illustrations ;</subfield>
         <subfield code="c">28 cm.</subfield>
      </datafield>
      <datafield tag="336" ind1=" " ind2=" ">
         <subfield code="a">text</subfield>
         <subfield code="b">txt</subfield>
         <subfield code="2">rdacontent</subfield>
      </datafield>
      <datafield tag="337" ind1=" " ind2=" ">
         <subfield code="a">unmediated</subfield>
         <subfield code="b">n</subfield>
         <subfield code="2">rdamedia</subfield>
      </datafield>
      <datafield tag="338" ind1=" " ind2=" ">
         <subfield code="a">volume</subfield>
         <subfield code="b">nc</subfield>
         <subfield code="2">rdacarrier</subfield>
      </datafield>
      <datafield tag="490" ind1="1" ind2=" ">
         <subfield code="a">Aula orientalis ;</subfield>
         <subfield code="v">vol. 9</subfield>
      </datafield>
      <datafield tag="504" ind1=" " ind2=" ">
         <subfield code="a">Includes bibliographical references.</subfield>
      </datafield>
      <datafield tag="505" ind1="0" ind2="0">
         <subfield code="t">Preface /</subfield>
         <subfield code="r">The editors --</subfield>
         <subfield code="t">Miguel Civil : an appreciation /</subfield>
         <subfield code="r">Samuel N. Kramer --</subfield>
         <subfield code="t">Ergotism and other mycotoxicoses in ancient Mesopotamia /</subfield>
         <subfield code="r">Robert D. Biggs --</subfield>
         <subfield code="t">Eme-sal cult songs and prayers /</subfield>
         <subfield code="r">Jeremy A. Black --</subfield>
         <subfield code="t">Nouveaux fragments des Géorgiques /</subfield>
         <subfield code="r">Antoine Cavigneaux --</subfield>
         <subfield code="t">Posing the Sumerian question : race and scholarship in the early history of Assyriology /</subfield>
         <subfield code="r">Jerrold S. Cooper --</subfield>
         <subfield code="t">Yarḫu y Nikkalu : la mitología lunar sumeria en Ugarit /</subfield>
         <subfield code="r">Gregorio del Olmo Lete --</subfield>
         <subfield code="t">Irikagina (Urukagina) /</subfield>
         <subfield code="r">Dietz O. Edzard --</subfield>
         <subfield code="t">Konkret, kollektiv, abstrakt? /</subfield>
         <subfield code="r">Gertrud Farber --</subfield>
         <subfield code="t">Muššu'u, Qutāru, and the scribe Tanittu-Bēl /</subfield>
         <subfield code="r">Irving L. Finkel --</subfield>
         <subfield code="t">Subject, object, and verb in Urartian : prologue to typology /</subfield>
         <subfield code="r">Gene Gragg --</subfield>
         <subfield code="t">The term Ensí /</subfield>
         <subfield code="r">Thorkild Jacobsen --</subfield>
         <subfield code="t">A new Nippur duplicate of the Sumerian king list in the Brockmon collection, University of Haifa /</subfield>
         <subfield code="r">Jacob Klein --</subfield>
         <subfield code="t">Negation as description : the metaphor of everyday life in early Mesopotamian literature /</subfield>
         <subfield code="r">Piotr Michalowski --</subfield>
         <subfield code="t">Tablillas sargónicas del museo de Montserrat, Barcelona /</subfield>
         <subfield code="r">Manuel Molina Martos --</subfield>
         <subfield code="t">Epistemology and Sumerian agriculture : the strange case of sesame and linseed /</subfield>
         <subfield code="r">Marvin A. Powell, Jr. --</subfield>
         <subfield code="t">Isoglosas morfoléxicas eblaítico-ugaríticas : la trampa lexicográfica /</subfield>
         <subfield code="r">J. Sanmartín --</subfield>
         <subfield code="t">Was there a Sumerian version of the laws Hammurabi? /</subfield>
         <subfield code="r">Åke W. Sjöberg --</subfield>
         <subfield code="t">The reforms of UruKAgina and an early Sumerian term for "prison" /</subfield>
         <subfield code="r">Piotr Steinkeller --</subfield>
         <subfield code="t">The spacial organization of Mesopotamian cities /</subfield>
         <subfield code="r">Elizabeth E. Stone --</subfield>
         <subfield code="t">King of justice /</subfield>
         <subfield code="r">Zhi Yang --</subfield>
         <subfield code="t">Nippur under the third dynasty of Ur : area TB /</subfield>
         <subfield code="r">Richard L. Zettler --</subfield>
         <subfield code="t">Bibliography of Miguel Civil /</subfield>
         <subfield code="r">Charles E. Jones.</subfield>
      </datafield>
      <datafield tag="546" ind1=" " ind2=" ">
         <subfield code="a">Contributions in English, French, Spanish, or German.</subfield>
      </datafield>
      <datafield tag="651" ind1=" " ind2="0">
         <subfield code="a">Middle East</subfield>
         <subfield code="x">Antiquities.</subfield>
      </datafield>
      <datafield tag="651" ind1=" " ind2="0">
         <subfield code="a">Middle East</subfield>
         <subfield code="x">Civilization</subfield>
         <subfield code="y">To 622.</subfield>
      </datafield>
      <datafield tag="650" ind1=" " ind2="0">
         <subfield code="a">Urartian language</subfield>
         <subfield code="x">Grammar.</subfield>
      </datafield>
      <datafield tag="650" ind1=" " ind2="0">
         <subfield code="a">Sumerian language.</subfield>
      </datafield>
      <datafield tag="650" ind1=" " ind2="0">
         <subfield code="a">Sumerians.</subfield>
      </datafield>
      <datafield tag="600" ind1="1" ind2="7">
         <subfield code="a">Civil, Miguel.</subfield>
         <subfield code="2">swd</subfield>
      </datafield>
      <datafield tag="700" ind1="1" ind2=" ">
         <subfield code="a">Civil, Miguel.</subfield>
      </datafield>
      <datafield tag="700" ind1="1" ind2=" ">
         <subfield code="a">Michalowski, Piotr,</subfield>
         <subfield code="d">1948-</subfield>
      </datafield>
      <datafield tag="700" ind1="1" ind2=" ">
         <subfield code="a">Steinkeller, Piotr.</subfield>
      </datafield>
      <datafield tag="700" ind1="1" ind2=" ">
         <subfield code="a">Stone, Elizabeth Caecilia,</subfield>
         <subfield code="d">1949-</subfield>
      </datafield>
      <datafield tag="700" ind1="1" ind2=" ">
         <subfield code="a">Zettler, Richard L.,</subfield>
         <subfield code="d">1949-</subfield>
      </datafield>
      <datafield tag="830" ind1=" " ind2="0">
         <subfield code="a">Aula orientalis ;</subfield>
         <subfield code="v">vol. 9.</subfield>
      </datafield>
      <datafield tag="994" ind1=" " ind2=" ">
         <subfield code="a">Z0</subfield>
         <subfield code="b">ZYU</subfield>
      </datafield>
      <datafield tag="OWN" ind1=" " ind2=" ">
         <subfield code="a">GENERAL</subfield>
      </datafield>
      <datafield tag="AVA" ind1=" " ind2=" ">
         <subfield code="a">NYU50</subfield>
         <subfield code="b">NISAW</subfield>
         <subfield code="c">Large Collection</subfield>
         <subfield code="d">DS71 .V44 1991</subfield>
         <subfield code="e">available</subfield>
         <subfield code="t">Available</subfield>
         <subfield code="f">1</subfield>
         <subfield code="g">0</subfield>
         <subfield code="h">N</subfield>
         <subfield code="i">0</subfield>
         <subfield code="j">LARGE</subfield>
         <subfield code="k">0</subfield>
      </datafield>
      <marc:datafield tag="852" ind1=" " ind2=" ">
         <marc:subfield code="b">Institute for the Study of the Ancient World, </marc:subfield>
         <marc:subfield code="c">Large Collection</marc:subfield>
         <marc:subfield code="e">15 East 84th St., </marc:subfield>
         <marc:subfield code="e">New York, NY  10028</marc:subfield>
      </marc:datafield>
   </record>