
  
  
  
  
  
  
  
 
  
  <record xsi:schemaLocation="http://www.loc.gov/MARC21/slim http://www.loc.gov/standards/marcxml/schema/MARC21slim.xsd">
      <leader>00000cam a2200697 a 4500</leader>
      <controlfield tag="FMT">BK</controlfield>
      <controlfield tag="LDR">00000cam a2200697 a 4500</controlfield>
      <controlfield tag="001">004222481</controlfield>
      <controlfield tag="003">OCoLC</controlfield>
      <controlfield tag="005">20160107142243.0</controlfield>
      <controlfield tag="008">160107s1986    au ac    b    010 0 ger d</controlfield>
      <datafield tag="016" ind1="7" ind2=" ">
         <subfield code="a">851015123</subfield>
         <subfield code="2">DE-101</subfield>
      </datafield>
      <datafield tag="020" ind1=" " ind2=" ">
         <subfield code="a">3851241134</subfield>
      </datafield>
      <datafield tag="020" ind1=" " ind2=" ">
         <subfield code="a">9783851241136</subfield>
      </datafield>
      <datafield tag="035" ind1=" " ind2=" ">
         <subfield code="a">(OCoLC)14710242</subfield>
      </datafield>
      <datafield tag="040" ind1=" " ind2=" ">
         <subfield code="a">HLS</subfield>
         <subfield code="b">eng</subfield>
         <subfield code="c">HLS</subfield>
         <subfield code="d">CIN</subfield>
         <subfield code="d">NLGGC</subfield>
         <subfield code="d">LVB</subfield>
         <subfield code="d">CUY</subfield>
         <subfield code="d">EUM</subfield>
         <subfield code="d">GBVCP</subfield>
         <subfield code="d">OCLCO</subfield>
         <subfield code="d">OCLCQ</subfield>
         <subfield code="d">OCLCF</subfield>
         <subfield code="d">OCLCQ</subfield>
         <subfield code="d">NNU</subfield>
      </datafield>
      <datafield tag="041" ind1="0" ind2=" ">
         <subfield code="a">ger</subfield>
         <subfield code="a">eng</subfield>
         <subfield code="a">fre</subfield>
      </datafield>
      <datafield tag="043" ind1=" " ind2=" ">
         <subfield code="a">aw-----</subfield>
      </datafield>
      <datafield tag="050" ind1=" " ind2="4">
         <subfield code="a">AC30</subfield>
         <subfield code="b">.I55 v.24</subfield>
      </datafield>
      <datafield tag="082" ind1="0" ind2="4">
         <subfield code="a">950.1</subfield>
      </datafield>
      <datafield tag="084" ind1=" " ind2=" ">
         <subfield code="a">15.51</subfield>
         <subfield code="2">bcl</subfield>
      </datafield>
      <datafield tag="084" ind1=" " ind2=" ">
         <subfield code="a">63</subfield>
         <subfield code="a">58</subfield>
         <subfield code="2">sdnb</subfield>
      </datafield>
      <datafield tag="090" ind1=" " ind2=" ">
         <subfield code="a">DS42.4</subfield>
         <subfield code="b">.I4 1986</subfield>
      </datafield>
      <datafield tag="245" ind1="0" ind2="0">
         <subfield code="a">Im Bannkreis des Alten Orients :</subfield>
         <subfield code="b">Studien zur Sprach- und Kulturgeschichte des Alten Orients und seines Ausstrahlungsraumes : Karl Oberhuber zum 70. Geburtstag gewidmet /</subfield>
         <subfield code="c">herausgegeben von Wolfgang Meid und Helga Trenkwalder.</subfield>
      </datafield>
      <datafield tag="260" ind1=" " ind2=" ">
         <subfield code="a">Innsbruck :</subfield>
         <subfield code="b">Institut für Sprachwissenschaft der Universität Innsbruck,</subfield>
         <subfield code="c">1986.</subfield>
      </datafield>
      <datafield tag="300" ind1=" " ind2=" ">
         <subfield code="a">281 pages :</subfield>
         <subfield code="b">illustrations, portrait ;</subfield>
         <subfield code="c">25 cm.</subfield>
      </datafield>
      <datafield tag="336" ind1=" " ind2=" ">
         <subfield code="a">text</subfield>
         <subfield code="b">txt</subfield>
         <subfield code="2">rdacontent</subfield>
      </datafield>
      <datafield tag="337" ind1=" " ind2=" ">
         <subfield code="a">unmediated</subfield>
         <subfield code="b">n</subfield>
         <subfield code="2">rdamedia</subfield>
      </datafield>
      <datafield tag="338" ind1=" " ind2=" ">
         <subfield code="a">volume</subfield>
         <subfield code="b">nc</subfield>
         <subfield code="2">rdacarrier</subfield>
      </datafield>
      <datafield tag="490" ind1="1" ind2=" ">
         <subfield code="a">Innsbrucker Beiträge zur Kulturwissenschaft ;</subfield>
         <subfield code="v">Bd. 24</subfield>
      </datafield>
      <datafield tag="546" ind1=" " ind2=" ">
         <subfield code="a">Contributions in German, English, or French.</subfield>
      </datafield>
      <datafield tag="504" ind1=" " ind2=" ">
         <subfield code="a">"Schriftenverzeichnis von Karl Oberhuber": pages 11-15.</subfield>
      </datafield>
      <datafield tag="504" ind1=" " ind2=" ">
         <subfield code="a">Includes bibliographical references.</subfield>
      </datafield>
      <datafield tag="505" ind1="0" ind2="0">
         <subfield code="t">Schriftenverzeichnis von Karl Oberhuber --</subfield>
         <subfield code="t">Ein staatsakt als Beginn des Städtewesens im Alten Ägypten? /</subfield>
         <subfield code="r">Bietak, Manfred --</subfield>
         <subfield code="t">Ein früher neusumerischer Wisent aus Uruk /</subfield>
         <subfield code="r">Boehmer, Rainer Michael --</subfield>
         <subfield code="t">Einige akkadische Etymologien /</subfield>
         <subfield code="r">Eilers, Wilhelm --</subfield>
         <subfield code="t">Eine persische Kultstiftung in Sardeis und die 'Sippengötter' Vorderasiens /</subfield>
         <subfield code="r">Gschnitzer, Fritz --</subfield>
         <subfield code="t">Die Erforschung des Karischen /</subfield>
         <subfield code="r">Gusmani, Roberto --</subfield>
         <subfield code="t">Bemerkungen zur Architektur des 4. und 3. Jahrtausends v. Chr. in Mesopotamien /</subfield>
         <subfield code="r">Hrouda, Barthel --</subfield>
         <subfield code="t">Zur Zikkurrat von Borsippa /</subfield>
         <subfield code="r">Jakob-Rost, Liane --</subfield>
         <subfield code="t">Die luwischen Rituale KUB XXXV 45 + KBo XXIX 3 (II), XXXV 43 + KBo XXIX 55 (III) und KUB XXXII 9 + XXXV 21 (+) XXXII 11 nebst Parallelen (= Anlässlich der neuen luwischen Fragmente aus KBo XXIX [1983], I 1-3) /</subfield>
         <subfield code="r">Kammenhuber, Annelies --</subfield>
         <subfield code="t">Eine Siegesstele des Königs Daduša von Ešnunna /</subfield>
         <subfield code="r">Khalil Ismail, Bahija --</subfield>
         <subfield code="t">Le règlement du mariage dans les lois babyloniennes anciennes /</subfield>
         <subfield code="r">Klíma, Josef --</subfield>
         <subfield code="t">Russ. stakan m. 'Trinkglas' und sein altiranischer Ursprung /</subfield>
         <subfield code="r">Knobloch, Johann --</subfield>
         <subfield code="t">Lexikalisches und Lexikographisches zu einem akkadischen Verbun /</subfield>
         <subfield code="r">Kraus, F.R. --</subfield>
         <subfield code="t">Vier Briefe Hammer-Purgstalls an Aloys Sprenger : ein Beitrag zu seinem lebhaften Interesse an orientalischer Dichtung /</subfield>
         <subfield code="r">Lochner v. Hüttenbach, Fritz --</subfield>
         <subfield code="t">Ein Wirtschaftstext aus der Zeit der 3. Dynastie von Ur /</subfield>
         <subfield code="r">Marothy, Elisabeth --</subfield>
         <subfield code="t">Die Auseinandersetzung germanischer mit orientalisch-griechischer Weltsicht : am Beispiel der gotischen Bibelübersetzung /</subfield>
         <subfield code="r">Meid, Wolfgang --</subfield>
         <subfield code="t">Persicos odi, puer, adparatus : zu Horaz c. I 38 /</subfield>
         <subfield code="r">Muth, Robert --</subfield>
         <subfield code="t">Zum mittelhethitischen Alter der Tutḫalii̯a-Annalen (CTH 142) /</subfield>
         <subfield code="r">Neu, Erich --</subfield>
         <subfield code="t">The virgin she-goat : an Aegeanist approach to Near-Eastern iconography /</subfield>
         <subfield code="r">Palmer, Leondard R. --</subfield>
         <subfield code="t">Der "Seelenbräu" anders gedeutet (Zu den Begriffen 'Pfarrer'-'Pfarrei'/'parochus'-'parochia') /</subfield>
         <subfield code="r">Posch, Sebastian --</subfield>
      </datafield>
      <datafield tag="505" ind1="8" ind2="0">
         <subfield code="t">Das Bild der Göttin : zu Yašt 5, 126 und Parallelstellen /</subfield>
         <subfield code="r">Schmeja, Hans --</subfield>
         <subfield code="t">Bīsutūn - Babylon - Elephantine : Dareios' Thema mit Variationen /</subfield>
         <subfield code="r">Schmitt, Rüdiger --</subfield>
         <subfield code="t">Zum Examenstext A, Zeile 14 /</subfield>
         <subfield code="r">Schretter, Manfred --</subfield>
         <subfield code="t">Griechische "Erlösungsdramen" /</subfield>
         <subfield code="r">Thummer, Erich --</subfield>
         <subfield code="t">Bemerkungen zu den hethitischen Inventartexten /</subfield>
         <subfield code="r">Tischler, Johann --</subfield>
         <subfield code="t">Die österreichischen Ausgrabungen im Iraq : 1978 bis 1984 /</subfield>
         <subfield code="r">Trenkwalder-Piesl, Helga.</subfield>
      </datafield>
      <datafield tag="651" ind1=" " ind2="0">
         <subfield code="a">Middle East</subfield>
         <subfield code="x">Civilization</subfield>
         <subfield code="y">To 622.</subfield>
      </datafield>
      <datafield tag="651" ind1=" " ind2="0">
         <subfield code="a">Middle East</subfield>
         <subfield code="x">Languages</subfield>
         <subfield code="x">History.</subfield>
      </datafield>
      <datafield tag="651" ind1=" " ind2="0">
         <subfield code="a">Middle East</subfield>
         <subfield code="x">Antiquities.</subfield>
      </datafield>
      <datafield tag="600" ind1="1" ind2="7">
         <subfield code="a">Oberhuber, Karl.</subfield>
         <subfield code="2">fast</subfield>
         <subfield code="0">(OCoLC)fst00191839</subfield>
      </datafield>
      <datafield tag="650" ind1=" " ind2="7">
         <subfield code="a">Civilization.</subfield>
         <subfield code="2">fast</subfield>
         <subfield code="0">(OCoLC)fst00862898</subfield>
      </datafield>
      <datafield tag="651" ind1=" " ind2="7">
         <subfield code="a">Asia.</subfield>
         <subfield code="2">fast</subfield>
         <subfield code="0">(OCoLC)fst01240495</subfield>
      </datafield>
      <datafield tag="700" ind1="1" ind2=" ">
         <subfield code="a">Oberhuber, Karl,</subfield>
         <subfield code="e">honoree.</subfield>
      </datafield>
      <datafield tag="700" ind1="1" ind2=" ">
         <subfield code="a">Meid, Wolfgang.</subfield>
      </datafield>
      <datafield tag="700" ind1="1" ind2=" ">
         <subfield code="a">Trenkwalder, Helga.</subfield>
      </datafield>
      <datafield tag="776" ind1="0" ind2="8">
         <subfield code="i">Online version:</subfield>
         <subfield code="t">Im Bannkreis des Alten Orients.</subfield>
         <subfield code="d">Innsbruck : Institut für Sprachwissenschaft der Universität Innsbruck, 1986</subfield>
         <subfield code="w">(OCoLC)623372231</subfield>
      </datafield>
      <datafield tag="830" ind1=" " ind2="0">
         <subfield code="a">Innsbrucker Beiträge zur Kulturwissenschaft ;</subfield>
         <subfield code="v">Bd. 24.</subfield>
      </datafield>
      <datafield tag="994" ind1=" " ind2=" ">
         <subfield code="a">Z0</subfield>
         <subfield code="b">ZYU</subfield>
      </datafield>
      <datafield tag="OWN" ind1=" " ind2=" ">
         <subfield code="a">GENERAL</subfield>
      </datafield>
      <datafield tag="AVA" ind1=" " ind2=" ">
         <subfield code="a">NYU50</subfield>
         <subfield code="b">NISAW</subfield>
         <subfield code="c">Small Collection</subfield>
         <subfield code="d">DS42.4 .I4 1986</subfield>
         <subfield code="e">available</subfield>
         <subfield code="t">Available</subfield>
         <subfield code="f">1</subfield>
         <subfield code="g">0</subfield>
         <subfield code="h">N</subfield>
         <subfield code="i">0</subfield>
         <subfield code="j">SMALL</subfield>
         <subfield code="k">0</subfield>
      </datafield>
      <marc:datafield tag="852" ind1=" " ind2=" ">
         <marc:subfield code="b">Institute for the Study of the Ancient World, </marc:subfield>
         <marc:subfield code="c">Small Collection</marc:subfield>
         <marc:subfield code="e">15 East 84th St., </marc:subfield>
         <marc:subfield code="e">New York, NY  10028</marc:subfield>
      </marc:datafield>
   </record>