
  
  
  
  
  
  
 
  
  <record xsi:schemaLocation="http://www.loc.gov/MARC21/slim http://www.loc.gov/standards/marcxml/schema/MARC21slim.xsd">
      <leader>00000cam a22004214a 4500</leader>
      <controlfield tag="FMT">BK</controlfield>
      <controlfield tag="LDR">00000cam a22004214a 4500</controlfield>
      <controlfield tag="001">004224437</controlfield>
      <controlfield tag="003">OCoLC</controlfield>
      <controlfield tag="005">20160128115653.0</controlfield>
      <controlfield tag="008">160112s2006    ru a     b    100 0 rus</controlfield>
      <datafield tag="010" ind1=" " ind2=" ">
         <subfield code="a">2009357936</subfield>
      </datafield>
      <datafield tag="020" ind1=" " ind2=" ">
         <subfield code="z">5948092012</subfield>
      </datafield>
      <datafield tag="035" ind1=" " ind2=" ">
         <subfield code="a">(OCoLC)674912321</subfield>
      </datafield>
      <datafield tag="040" ind1=" " ind2=" ">
         <subfield code="a">DLC</subfield>
         <subfield code="b">eng</subfield>
         <subfield code="c">DLC</subfield>
         <subfield code="d">OCLCF</subfield>
         <subfield code="d">OCLCO</subfield>
         <subfield code="d">OCL</subfield>
         <subfield code="d">OCLCO</subfield>
         <subfield code="d">NNU</subfield>
      </datafield>
      <datafield tag="041" ind1="0" ind2=" ">
         <subfield code="a">rus</subfield>
         <subfield code="b">eng</subfield>
      </datafield>
      <datafield tag="043" ind1=" " ind2=" ">
         <subfield code="a">e-ru---</subfield>
         <subfield code="a">e-bw---</subfield>
         <subfield code="a">e-un---</subfield>
      </datafield>
      <datafield tag="050" ind1="0" ind2="0">
         <subfield code="a">CC51</subfield>
         <subfield code="b">.N38 2005</subfield>
      </datafield>
      <datafield tag="066" ind1=" " ind2=" ">
         <subfield code="c">(N</subfield>
      </datafield>
      <datafield tag="111" ind1="2" ind2=" ">
         <subfield code="6">880-01</subfield>
         <subfield code="a">Nauchnai͡a konferent͡sii͡a "Arkheologii͡a I͡Ugo-Vostoka Rusi"</subfield>
         <subfield code="n">(4th :</subfield>
         <subfield code="d">2005 :</subfield>
         <subfield code="c">Elet͡s, Lipet͡skai͡a oblastʹ, Russia)</subfield>
      </datafield>
      <datafield tag="245" ind1="1" ind2="0">
         <subfield code="6">880-02</subfield>
         <subfield code="a">Arkheologii͡a I͡Ugo-Vostoka Rusi :</subfield>
         <subfield code="b">materialy IV nauchnoĭ konferent͡sii : konferent͡sii͡a provedena v Elet͡skom gosudarstvennom universitete im. I.A. Bunina 23-25 mai͡a 2005 g. /</subfield>
         <subfield code="c">[redakt͡sionnai͡a kollegii͡a, A.D. Pri͡akhin ... et al.].</subfield>
      </datafield>
      <datafield tag="260" ind1=" " ind2=" ">
         <subfield code="6">880-03</subfield>
         <subfield code="a">Elet͡s :</subfield>
         <subfield code="b">Elet͡skiĭ gos. universitet,</subfield>
         <subfield code="c">2006.</subfield>
      </datafield>
      <datafield tag="300" ind1=" " ind2=" ">
         <subfield code="a">284 p. :</subfield>
         <subfield code="b">ill. ;</subfield>
         <subfield code="c">29 cm.</subfield>
      </datafield>
      <datafield tag="504" ind1=" " ind2=" ">
         <subfield code="a">Includes bibliographical references.</subfield>
      </datafield>
      <datafield tag="500" ind1=" " ind2=" ">
         <subfield code="a">Summary and abstracts also in English.</subfield>
      </datafield>
      <datafield tag="500" ind1=" " ind2=" ">
         <subfield code="6">880-04</subfield>
         <subfield code="a">At head of title: Ministerstvo obrazovanii͡a i nauki Rossiĭskoĭ federat͡sii (and 3 others)</subfield>
      </datafield>
      <datafield tag="500" ind1=" " ind2=" ">
         <subfield code="6">880-05</subfield>
         <subfield code="a">"Nauchnoe izdanie"--Colophon.</subfield>
      </datafield>
      <datafield tag="505" ind1="0" ind2=" ">
         <subfield code="t">Arkhelogicheskoe izuchenie Sudzalʹskoĭ zemli: novye rezulʹtaty /</subfield>
         <subfield code="r">Makarov, N.A. --</subfield>
         <subfield code="t">Vekhi arkheologicheskogo izuchenii͡a I͡Ugo-Vostochnykh predelov Drevneĭ Rusi /</subfield>
         <subfield code="r">Pri͡akhin, A.D. --</subfield>
         <subfield code="t">K voprosu o i͡ugo-vostochnom ri͡azanskom pogranichʹe v XII-XIV vv. /</subfield>
         <subfield code="r">Andreev, S.I. --</subfield>
         <subfield code="t">Sravnitelʹnai͡a khrakteristika keramiki gorodishch Vorotynsk i Spas-gorodok (Kaluzhskai͡a oblastʹ) /</subfield>
         <subfield code="r">Boldin, I.V. --</subfield>
         <subfield code="t">D.I͡A. Samokvasov i izuchenie I͡Ugo-Vostoka Drevneĭ Rusi /</subfield>
         <subfield code="r">Golotvin, A.N. --</subfield>
         <subfield code="t">Verkhneokskiĭ uchastok donskogo torgovogo puti v IX - nachale X vv. /</subfield>
         <subfield code="r">Grigorʹev, A.V. --</subfield>
         <subfield code="t">Drevnerusskoe Kharʹkovskoe gorodishche i "zhiloĭ gorod" Kharʹkov serediny XVII v. (k probleme istoricheskoĭ preemstvennosti v prot͡sesse vozrozhdenii͡a vostochnoslavi͡anskikh gorodov ėpokhi pozdnego srednevekovʹi͡a) /</subfield>
         <subfield code="r">Dʹi͡achenko, A.G. --</subfield>
         <subfield code="t">Romenskoe naselenie Posemʹi͡a v drevnerusskoe vremi͡a /</subfield>
         <subfield code="r">Enukov, V.V. --</subfield>
         <subfield code="t">Ob odnom tipe domov na podkletakh na terrotorii Kurskogo kni͡azhestva /</subfield>
         <subfield code="r">Enukova, A.N. --</subfield>
         <subfield code="t">Technologicheskie osobennosti kuznechnykh izdeliĭ sliavi͡ansogo i drevnerusskogo naselenii͡a /</subfield>
         <subfield code="r">Zavʹi͡alov. V.I. --</subfield>
         <subfield code="t">Kurskoe posemʹe i Bri͡anskoe Podesenʹe v IX - XIII vv. {sravnitelʹnai͡a kharakteristika) /</subfield>
         <subfield code="r">Kashkin, A.V. --</subfield>
         <subfield code="t">Drevnerusskie goroda kak osnova oboronitelʹnoĭ sistemy I͡Ugo-Zapada Rossii v nachale XVI veka (po materialam Bri͡anskoĭ oblasti) /</subfield>
         <subfield code="r">Karpov, D.A. --</subfield>
         <subfield code="t">I͡Ugo-Vostok Rusi v sisteme torgovykh svi͡azeĭ s Vostokom (po materialam importnoĭ keramiki) /</subfield>
         <subfield code="r">Kovalʹ, V.I͡U. --</subfield>
         <subfield code="t">Dva Vorotynska (k probleme lokalizat͡sii letopisnogo Vorotynska) /</subfield>
         <subfield code="r">Massalitina, G.A. --</subfield>
         <subfield code="t">Gorodishcha kochevnikov prigranichʹi͡a I͡Uzhnoĭ Rusi /</subfield>
         <subfield code="r">Morgunov, I͡U.I͡U. --</subfield>
         <subfield code="t">Drevnerusskie gorodishcha v sisteme ukrepleniĭ Belgorodskoĭ cherty /</subfield>
         <subfield code="r">Papkov, A.I. --</subfield>
         <subfield code="t">Torgovye svi͡azi naselenii͡a basseĭna Bystroĭ sosny v ėpokhu serdnevekovʹi͡a /</subfield>
         <subfield code="r">Perelëtov, R.N. --</subfield>
      </datafield>
      <datafield tag="505" ind1="8" ind2=" ">
         <subfield code="t">I͡Uvelirnye izdelii͡a v serdnevekovom Chernigove (sostav, proiskhozhdenie, voprosy khronologii) /</subfield>
         <subfield code="r">Put͡ko, V.G. --</subfield>
         <subfield code="t">Gorodishcha slozhnogo tipa verkhneĭ Oki /</subfield>
         <subfield code="r">Proshkin, O.L. --</subfield>
         <subfield code="t">Okhrannye issledovanii͡a posada Gochevskoso arkheologicheskogo kompleska (letopisnogo Rimova) v 2003-2004 gg. /</subfield>
         <subfield code="r">Starodubt͡sev, G. I͡U. --</subfield>
         <subfield code="t">I͡Uzhnye zemli Chernigovo-Ri͡azangkoso porubezhʹi͡a v XII - XV bb. : osnovnye ėtapy razvitii͡a regiona /</subfield>
         <subfield code="r">Tropin, N.A. --</subfield>
         <subfield code="t">O sovremennom sostoi͡anii arkheozoologicheskoĭ izuchennosti romensko-drevrerusskikh poseleniĭ bri͡anskogo Podesenʹi͡a /</subfield>
         <subfield code="r">Chubur, A.A., Shinakov, E.A. --</subfield>
         <subfield code="t">Drevni͡ai͡a Rusʹi Sredni͡ai͡a Azii͡a (k voprosy o kulʹturnykh svi͡azi͡akh) /</subfield>
         <subfield code="t">Solovʹev, B.S.</subfield>
      </datafield>
      <datafield tag="651" ind1=" " ind2="0">
         <subfield code="a">Russia (Federation)</subfield>
         <subfield code="x">Antiquities</subfield>
         <subfield code="v">Congresses.</subfield>
      </datafield>
      <datafield tag="651" ind1=" " ind2="0">
         <subfield code="a">Kievan Rus</subfield>
         <subfield code="x">History</subfield>
         <subfield code="v">Congresses.</subfield>
      </datafield>
      <datafield tag="651" ind1=" " ind2="0">
         <subfield code="a">Dnieper River Valley</subfield>
         <subfield code="x">Antiquities</subfield>
         <subfield code="v">Congresses.</subfield>
      </datafield>
      <datafield tag="650" ind1=" " ind2="0">
         <subfield code="a">Excavations (Archaeology)</subfield>
         <subfield code="z">Russia (Federation)</subfield>
         <subfield code="v">Congresses.</subfield>
      </datafield>
      <datafield tag="700" ind1="1" ind2=" ">
         <subfield code="6">880-06</subfield>
         <subfield code="a">Pri͡akhin, A. D.</subfield>
         <subfield code="q">(Anatoliĭ Dmitrievich)</subfield>
         <subfield code="e">editor.</subfield>
      </datafield>
      <datafield tag="880" ind1="2" ind2=" ">
         <subfield code="6">111-01/</subfield>
         <subfield code="a">Научная конференция "Aрхеология Юго-Востока Руси"</subfield>
         <subfield code="n">(4ая :</subfield>
         <subfield code="d">2005 :</subfield>
         <subfield code="c">Елец, Липецкая область, Россия)</subfield>
      </datafield>
      <datafield tag="880" ind1="1" ind2="0">
         <subfield code="6">245-02/</subfield>
         <subfield code="a">Археология Юго-Востока Руси :</subfield>
         <subfield code="b">материалы IV научной конференции : конференция проведена в Елецком государственном университете им. И.А. Бунина 23-25 мая 2005 г. /</subfield>
         <subfield code="c">[редакционная коллегия, А.Д. Пряхин ... еt al.].</subfield>
      </datafield>
      <datafield tag="880" ind1=" " ind2=" ">
         <subfield code="6">260-03/</subfield>
         <subfield code="a">Елец :</subfield>
         <subfield code="b">Елецкий гос. университет,</subfield>
         <subfield code="c">2006.</subfield>
      </datafield>
      <datafield tag="880" ind1=" " ind2=" ">
         <subfield code="6">500-04/</subfield>
         <subfield code="a">At head of title: Министерство образования и науки Российской федерации (and 3 others)</subfield>
      </datafield>
      <datafield tag="880" ind1=" " ind2=" ">
         <subfield code="6">500-05/</subfield>
         <subfield code="a">"Научное издание"--Colophon.</subfield>
      </datafield>
      <datafield tag="880" ind1="1" ind2=" ">
         <subfield code="6">700-06/</subfield>
         <subfield code="a">Пряхин, A. Д.</subfield>
         <subfield code="q">(Aнaтoлий Дмитриевич),</subfield>
         <subfield code="e">editor.</subfield>
      </datafield>
      <datafield tag="994" ind1=" " ind2=" ">
         <subfield code="a">Z0</subfield>
         <subfield code="b">ZYU</subfield>
      </datafield>
      <datafield tag="OWN" ind1=" " ind2=" ">
         <subfield code="a">GENERAL</subfield>
      </datafield>
      <datafield tag="AVA" ind1=" " ind2=" ">
         <subfield code="a">NYU50</subfield>
         <subfield code="b">NISAW</subfield>
         <subfield code="c">Large Collection</subfield>
         <subfield code="d">CC51 .N38 2005</subfield>
         <subfield code="e">available</subfield>
         <subfield code="t">Available</subfield>
         <subfield code="f">1</subfield>
         <subfield code="g">0</subfield>
         <subfield code="h">N</subfield>
         <subfield code="i">0</subfield>
         <subfield code="j">LARGE</subfield>
         <subfield code="k">0</subfield>
      </datafield>
      <marc:datafield tag="852" ind1=" " ind2=" ">
         <marc:subfield code="b">Institute for the Study of the Ancient World, </marc:subfield>
         <marc:subfield code="c">Large Collection</marc:subfield>
         <marc:subfield code="e">15 East 84th St., </marc:subfield>
         <marc:subfield code="e">New York, NY  10028</marc:subfield>
      </marc:datafield>
   </record>