
  
  
  
  
  
 
  
  <record xsi:schemaLocation="http://www.loc.gov/MARC21/slim http://www.loc.gov/standards/marcxml/schema/MARC21slim.xsd">
      <leader>00000cam a2200565 a 4500</leader>
      <controlfield tag="FMT">BK</controlfield>
      <controlfield tag="LDR">00000cam a2200565 a 4500</controlfield>
      <controlfield tag="001">003878452</controlfield>
      <controlfield tag="003">OCoLC</controlfield>
      <controlfield tag="005">20160114154736.0</controlfield>
      <controlfield tag="008">120928s2012    sz a     b    100 0 fre c</controlfield>
      <datafield tag="020" ind1=" " ind2=" ">
         <subfield code="a">9782600016124</subfield>
      </datafield>
      <datafield tag="020" ind1=" " ind2=" ">
         <subfield code="a">2600016120</subfield>
      </datafield>
      <datafield tag="035" ind1="7" ind2=" ">
         <subfield code="a">aux575123</subfield>
      </datafield>
      <datafield tag="035" ind1=" " ind2=" ">
         <subfield code="a">(OCoLC)811590568</subfield>
         <subfield code="z">(OCoLC)829755425</subfield>
      </datafield>
      <datafield tag="040" ind1=" " ind2=" ">
         <subfield code="a">OHX</subfield>
         <subfield code="b">eng</subfield>
         <subfield code="c">OHX</subfield>
         <subfield code="d">OCLCO</subfield>
         <subfield code="d">EYM</subfield>
         <subfield code="d">OCLCO</subfield>
         <subfield code="d">TZT</subfield>
         <subfield code="d">C3L</subfield>
         <subfield code="d">CIN</subfield>
         <subfield code="d">UBY</subfield>
         <subfield code="d">YUS</subfield>
         <subfield code="d">BTCTA</subfield>
         <subfield code="d">OCLCF</subfield>
         <subfield code="d">ZCU</subfield>
         <subfield code="d">NNU</subfield>
      </datafield>
      <datafield tag="041" ind1="0" ind2=" ">
         <subfield code="a">fre</subfield>
         <subfield code="a">eng</subfield>
         <subfield code="a">ger</subfield>
         <subfield code="a">ita</subfield>
      </datafield>
      <datafield tag="042" ind1=" " ind2=" ">
         <subfield code="a">pcc</subfield>
      </datafield>
      <datafield tag="043" ind1=" " ind2=" ">
         <subfield code="a">f-ua---</subfield>
      </datafield>
      <datafield tag="050" ind1=" " ind2="4">
         <subfield code="a">PA3339</subfield>
         <subfield code="b">.I5 2010</subfield>
      </datafield>
      <datafield tag="072" ind1=" " ind2="7">
         <subfield code="a">DT</subfield>
         <subfield code="2">lcco</subfield>
      </datafield>
      <datafield tag="072" ind1=" " ind2="7">
         <subfield code="a">PA</subfield>
         <subfield code="2">lcco</subfield>
      </datafield>
      <datafield tag="082" ind1="1" ind2="4">
         <subfield code="a">809</subfield>
         <subfield code="2">1</subfield>
      </datafield>
      <datafield tag="111" ind1="2" ind2=" ">
         <subfield code="a">International Congress of Papyrology</subfield>
         <subfield code="n">(26th :</subfield>
         <subfield code="d">2010 :</subfield>
         <subfield code="c">Geneva, Switzerland)</subfield>
      </datafield>
      <datafield tag="245" ind1="1" ind2="0">
         <subfield code="a">Actes du 26e Congrès international de papyrologie :</subfield>
         <subfield code="b">Genève, 16-21 août 2010 /</subfield>
         <subfield code="c">textes réunis par Paul Schubert.</subfield>
      </datafield>
      <datafield tag="260" ind1=" " ind2=" ">
         <subfield code="a">Genève :</subfield>
         <subfield code="b">Librairie Droz S.A.,</subfield>
         <subfield code="c">2012.</subfield>
      </datafield>
      <datafield tag="300" ind1=" " ind2=" ">
         <subfield code="a">xxv, 840 p. :</subfield>
         <subfield code="b">ill. ;</subfield>
         <subfield code="c">31 cm.</subfield>
      </datafield>
      <datafield tag="490" ind1="1" ind2=" ">
         <subfield code="a">Recherches et rencontres,</subfield>
         <subfield code="x">1422-7606 ;</subfield>
         <subfield code="v">v. 30</subfield>
      </datafield>
      <datafield tag="500" ind1=" " ind2=" ">
         <subfield code="a">International conference proceedings.</subfield>
      </datafield>
      <datafield tag="500" ind1=" " ind2=" ">
         <subfield code="a">Contributions in English, French, German and Italian.</subfield>
      </datafield>
      <datafield tag="504" ind1=" " ind2=" ">
         <subfield code="a">Includes bibliographical references.</subfield>
      </datafield>
      <datafield tag="546" ind1=" " ind2=" ">
         <subfield code="a">Contributions in English, French, German and Italian.</subfield>
      </datafield>
      <datafield tag="505" ind1="0" ind2="0">
         <subfield code="t">The Amicitia Papyrologorum in a globalized world of learning /</subfield>
         <subfield code="r">Roger S. Bagnall --</subfield>
         <subfield code="t">A new Coptic text from Bawit : P.Palau Rib. inv. 352 /</subfield>
         <subfield code="r">María-Jesús Albarrán Martinez --</subfield>
         <subfield code="t">Hypallagma or the dangers of Romanistic thinking /</subfield>
         <subfield code="r">José Luis Alonso --</subfield>
         <subfield code="t">The Latin book of legal content : a significant type in the history of the ancient book /</subfield>
         <subfield code="r">Serena Ammirati --</subfield>
         <subfield code="t">Droit provincial et protection des intérêts privés en Egypte sous l'Empire romain /</subfield>
         <subfield code="r">Barbara Anagnostou-Canas --</subfield>
         <subfield code="t">"Segni" di malattia nelle lettere dei papiri /</subfield>
         <subfield code="r">Isabella Andorlini --</subfield>
         <subfield code="t">L’avant-dernière colonne du P.Herc. 1384 : une citation de Zénon de Citium /</subfield>
         <subfield code="r">Agathe Antoni --</subfield>
         <subfield code="t">Anazetesis und paratasis anhand der Dokumentation zu den Nyktostrategen /</subfield>
         <subfield code="r">Marlies Appl --</subfield>
         <subfield code="t">Per una nuova edizione del P.Herc. 1044 : una prima ipotesi di ricostruzione del rotolo /</subfield>
         <subfield code="r">Maria Grazia Assante --</subfield>
         <subfield code="t">A Roman veteran and his skilful administrator : Gemellus and Epagathus in light of unpublished papyri /</subfield>
         <subfield code="r">Rodney Ast, Giuseppina Azzarello --</subfield>
         <subfield code="t">Un documento inedito dal cosiddetto archivio di Pankrates /</subfield>
         <subfield code="r">Carla Balconi --</subfield>
         <subfield code="t">Le Papyrus Bodmer et la réception de Ménandre à l’époque byzantine /</subfield>
         <subfield code="r">Alain Blanchard --</subfield>
         <subfield code="t">Minimum firmitatis, plurimum lucri : le cas du "lin mendésien" /</subfield>
         <subfield code="r">Katherine Blouin --</subfield>
         <subfield code="t">Musica su papiro : la pratica della scrittura musicale nella tradizione papiracea /</subfield>
         <subfield code="r">Alessandro Boria --</subfield>
         <subfield code="t">The scribe of the pagus : new evidence for the administration of fourth century Oxyrhynchos /</subfield>
         <subfield code="r">Richard L. Burchfield --</subfield>
         <subfield code="t">Le programme d’édition des archives de Pesynthios : focus sur les papyrus coptes du Musée du Louvre /</subfield>
         <subfield code="r">Florence Calament --</subfield>
         <subfield code="t">Le papyrus dit d’Artémidore /</subfield>
         <subfield code="r">Luciano Canfora --</subfield>
         <subfield code="t">Non è Lucrezio /</subfield>
         <subfield code="r">Mario Capasso --</subfield>
         <subfield code="t">Les bains d’Oxyrhynque : un réexamen à la lumière des fouilles de Péluse /</subfield>
         <subfield code="r">Jean-Yves Carrez-Maratray --</subfield>
      </datafield>
      <datafield tag="505" ind1="8" ind2="0">
         <subfield code="t">Lord Crawford’s search for papyri : on the origin of the Rylands papyrus collection /</subfield>
         <subfield code="r">Malcolm Choat --</subfield>
         <subfield code="t">Following in father’s footsteps : the question of father-son scribal training in eigth century Thebes /</subfield>
         <subfield code="r">Jennifer Cromwell --</subfield>
         <subfield code="t">Mise en contexte des papyrus iatromagiques grecs : recherches sur les conditions matérielles de réalisation des formulaires et des amulettes /</subfield>
         <subfield code="r">Magali de Haro Sanchez --</subfield>
         <subfield code="t">Les onomastiques régionales en Egypte aux VIIe et VIIIe siècles : premiers résultats /</subfield>
         <subfield code="r">Alain Delattre --</subfield>
         <subfield code="t">Il Thesaurus Herculanensium Voluminum /</subfield>
         <subfield code="r">Gianluca Del Mastro --</subfield>
         <subfield code="t">Greek and Latin papyri from the Egypt Exploration Society excavations at Qasr Ibrim : a testimony to the Roman army in Upper Egypt and Lower Nubia in the first years of Augustus /</subfield>
         <subfield code="r">Tomasz Derda, Adam Łajtar --</subfield>
         <subfield code="t">Il campo semantico di [laliō - lalia] nei testi ercolanesi /</subfield>
         <subfield code="r">Dino De Sanctis --</subfield>
         <subfield code="t">New texts from the Al-Hayz Oasis : a preliminary report /</subfield>
         <subfield code="r">Marek Dospel --</subfield>
         <subfield code="t">Sur les doreai agonistiques de Gallien en Egypte /</subfield>
         <subfield code="r">Marie Drew-Bear --</subfield>
         <subfield code="t">Nuove letture in P.Herc. 1004 col. 58 /</subfield>
         <subfield code="r">Margherita Erbì --</subfield>
         <subfield code="t">Die Berliner Sammlung im Deutschen Papyruskartell /</subfield>
         <subfield code="r">Holger Essler, Fabian Reiter --</subfield>
         <subfield code="t">On provenances : the case of P.Köln XI 448 /</subfield>
         <subfield code="r">Maria Rosaria Falivene --</subfield>
         <subfield code="t">Una sezione d’archivio concernente le attività di sitologoi della meris di Herakleides /</subfield>
         <subfield code="r">Lorenzo Fati --</subfield>
         <subfield code="t">Modèles progymnasmatiques de l’époque hellénistique : P.Mil.Vogl. III 123 /</subfield>
         <subfield code="r">José-Antonio Fernández Delgado --</subfield>
         <subfield code="t">La "dipintologie" grecque : une nouvelle discipline auxiliaire de la papyrologie? /</subfield>
         <subfield code="r">Jean-Luc Fournet --</subfield>
      </datafield>
      <datafield tag="505" ind1="8" ind2="0">
         <subfield code="t">Per un corpus dei papiri bilingui dell’Eneide di Virgilio /</subfield>
         <subfield code="r">Marco Fressura --</subfield>
         <subfield code="t">The demosios iatros in Roman Egypt : a municipal position or a liturgic office? /</subfield>
         <subfield code="r">El-Sayed Gad --</subfield>
         <subfield code="t">Trouvera-t-on encore des papyrus en 2042? : suite /</subfield>
         <subfield code="r">Claudio Gallazzi --</subfield>
         <subfield code="t">Tisserandes et tisserands dans les papyrus de l’époque romaine : une analyse comparative /</subfield>
         <subfield code="r">Sophie Gällnö --</subfield>
         <subfield code="t">Diebstahl im ptolemäischen Ägypten /</subfield>
         <subfield code="r">Nadine Grotkamp --</subfield>
         <subfield code="t">The unpublished verso of P.Oxy. III 521 and its relation to the recto /</subfield>
         <subfield code="r">Christian-Jürgen Gruber --</subfield>
         <subfield code="t">The status quaestionis of the Artemidorus Papyrus /</subfield>
         <subfield code="r">Jürgen Hammerstaedt --</subfield>
         <subfield code="t">Two unpublished documents /</subfield>
         <subfield code="r">Alia Hanafi --</subfield>
         <subfield code="t">A new letter from the archive of Isidorus from Psophthis, Memphite nome /</subfield>
         <subfield code="r">Ann Ellis Hanson --</subfield>
         <subfield code="t">Zum Sprachgebrauch des Neuen Testaments aus rechtspapyrologischer Sicht /</subfield>
         <subfield code="r">Joachim Hengstl --</subfield>
         <subfield code="t">Un exemple de l’interpretatio Graeca : l’évolution du culte d’Apollon en Egypte ptolémaïque et romaine /</subfield>
         <subfield code="r">Océane Henri --</subfield>
         <subfield code="t">Athletes and liturgists in a petition to Flavius Olympius, praeses Augustamnicae /</subfield>
         <subfield code="r">Francisca A.J. Hoogendijk --</subfield>
         <subfield code="t">Commentaire de l’Alexandra de Lycophron dans le papyrus de Berlin 16984? /</subfield>
         <subfield code="r">André Hurst --</subfield>
         <subfield code="t">Il Fondo Vogliano conservato a Napoli /</subfield>
         <subfield code="r">Giovanni Indelli, Francesca Longo Auricchio --</subfield>
         <subfield code="t">Reparaturen in arsinoitischen Gauarchiven /</subfield>
         <subfield code="r">Andrea Jördens --</subfield>
         <subfield code="t">Die Fahndung nach Deserteuren im spätantiken Ägypten /</subfield>
         <subfield code="r">Anna Maria Kaiser --</subfield>
         <subfield code="t">The presence of Hades in the Codex of Visions (P.Bodm. XXXI, XXXII, XXXV) /</subfield>
         <subfield code="r">Kevin Kalish --</subfield>
      </datafield>
      <datafield tag="505" ind1="8" ind2="0">
         <subfield code="t">Allocating fr. 46a K. within the plot of Euripides’ Alexandros: A reinspection and reassessment of P.Stras. 2342, 1 /</subfield>
         <subfield code="r">Ioanna Karamanou --</subfield>
         <subfield code="t">"We ask you to send…" : A remark on summonses and petitions for summonses /</subfield>
         <subfield code="r">Christina M. Kreinecker --</subfield>
         <subfield code="t">Die Bedeutung des administrativen Hilfspersonals in der enchorischen Verwaltung des kaiserzeitlichen Ägyptens für die administrative Kontinuität /</subfield>
         <subfield code="r">Thomas Kruse --</subfield>
         <subfield code="t">The meaning of [eidē] in tax documents from Roman Egypt /</subfield>
         <subfield code="r">Micaela Langellotti --</subfield>
         <subfield code="t">Il P.Herc. 1149/993 (Epicuro, Sulla natura, libro II) : una nuova ipotesi di ricostruzione /</subfield>
         <subfield code="r">Giuliana Leone --</subfield>
         <subfield code="t">Indented pentameters in papyri and inscriptions /</subfield>
         <subfield code="r">Julia Lougovaya --</subfield>
         <subfield code="t">P.Köln XII 468 and reading Homer in Late Roman / Early Byzantine Panopolis /</subfield>
         <subfield code="r">John Lundon --</subfield>
         <subfield code="t">Die Zukunft der griechischen Papyrologie /</subfield>
         <subfield code="r">Herwig Maehler --</subfield>
         <subfield code="t">Interpreters and translators in Hellenistic and Roman Egypt /</subfield>
         <subfield code="r">Rachel Mairs --</subfield>
         <subfield code="t">Antinoopolis and Hermopolis : a tale of two cities /</subfield>
         <subfield code="r">Myrto Malouta --</subfield>
         <subfield code="t">Scrivere e leggere l’Alessandra di Licofrone /</subfield>
         <subfield code="r">Antonella Marandino --</subfield>
         <subfield code="t">Les extensions du fichier Mertens-Pack3 du CEDOPAL /</subfield>
         <subfield code="r">Marie-Hélène Marganne --</subfield>
         <subfield code="t">Homonyms causing confusion in toponymy : examples from Aphrodito and the Antaiopolite nome /</subfield>
         <subfield code="r">Isabelle Marthot --</subfield>
         <subfield code="t">Reading magical drawings in the Greek magical papyri /</subfield>
         <subfield code="r">Raquel Martín Hernández --</subfield>
         <subfield code="t">Graeco-Roman Egypt at Manchester : the formation of the Rylands papyri collection /</subfield>
         <subfield code="r">Roberta Mazza --</subfield>
      </datafield>
      <datafield tag="505" ind1="8" ind2="0">
         <subfield code="t">Revolt in Ptolemaic Egypt : nationalism revisited /</subfield>
         <subfield code="r">Brian McGing --</subfield>
         <subfield code="t">Ancient exegesis on Euripides for Commentaria et Lexica Graeca in Papyris Reperta /</subfield>
         <subfield code="r">Kathleen McNamee --</subfield>
         <subfield code="t">Utilità di un database di alfabeti per lo studio della scrittura greca dei papiri /</subfield>
         <subfield code="r">Giovanna Menci --</subfield>
         <subfield code="t">La situation des prêtres entre le Ier et le IIIe siècle en Egypte romaine /</subfield>
         <subfield code="r">Carmen Messerer --</subfield>
         <subfield code="t">The Livre d’écolier (P.Cairo JE 65445) : some problematic issues /</subfield>
         <subfield code="r">Valentina Millozzi --</subfield>
         <subfield code="t">P.Oxy. XLII 3057 : letter of Ammonius : The [mis]identification of an Oxyrhynchus papyrus [as the earliest Christian letter] /</subfield>
         <subfield code="r">Monika Minehart -- Die Berliner Wachstafeln P.10508 – 10512 : Scholia Minora und grammatikalische Passagen /</subfield>
         <subfield code="r">Franco Montanari, Davide Muratore, Fabian Reiter --</subfield>
         <subfield code="t">Genesis einer Aretalogie : Anmerkungen zu einer Neuedition von P.Oxy. XI 1381 /</subfield>
         <subfield code="r">Franziska Naether, Heinz-Josef Thissen --</subfield>
         <subfield code="t">Wild papyri in the Roca-Puig collection /</subfield>
         <subfield code="r">Alberto Nodar --</subfield>
         <subfield code="t">The function of witnesses in the wills from late antique Egypt /</subfield>
         <subfield code="r">Maria Nowak --</subfield>
         <subfield code="t">Reconsidering the origin and the acquisition of P.Lond.Lit. 133 /</subfield>
         <subfield code="r">Rosa Otranto --</subfield>
         <subfield code="t">The invention of the gymnasiarch in rural Ptolemaic Egypt /</subfield>
         <subfield code="r">Mario C.D. Paganini --</subfield>
         <subfield code="t">Correzioni, abbreviazioni e segni nel P.Herc. 831 /</subfield>
         <subfield code="r">Antonio Parisi --</subfield>
         <subfield code="t">I codici papiracei di Tucidide : aspetti bibliologici e paleografici /</subfield>
         <subfield code="r">Natascia Pellé --</subfield>
         <subfield code="t">P.Köln VI 242 : inno ad Afrodite(?) /</subfield>
         <subfield code="r">Marco Perale --</subfield>
         <subfield code="t">For a new edition of P.Lond.Lit. 92 : current research on the Greek version of the Myth of the Sun’s Eye /</subfield>
         <subfield code="r">Luigi Prada --</subfield>
      </datafield>
      <datafield tag="505" ind1="8" ind2="0">
         <subfield code="t">La collection d’ostraca de la Bibliothèque de l’Université de Leipzig /</subfield>
         <subfield code="r">Nadine Quenouille --</subfield>
         <subfield code="t">Administrative papyri from the Abbasid court in Samarra (AD 836–892) : a first report /</subfield>
         <subfield code="r">Lucian Reinfandt --</subfield>
         <subfield code="t">Le transport interne et méditerranéen du blé égyptien : les structures institutionnelles et leurs intermédiaires commerciaux (IIe – Ier s. av. J.-C.) /</subfield>
         <subfield code="r">Lucia Rossi --</subfield>
         <subfield code="t">P.Tebt. II 476 : ancora una petizione /</subfield>
         <subfield code="r">Simona Russo --</subfield>
         <subfield code="t">Epistula Philippi II regis Macedonum (Demosthenes, De corona XVIII 157) : a forged document? /</subfield>
         <subfield code="r">Maroula Salemenou --</subfield>
         <subfield code="t">Herakleopolite meridarchs in the first century BC? /</subfield>
         <subfield code="r">Erja Salmenkivi --</subfield>
         <subfield code="t">Tiresias in Euripides’ Bacchae and the author of the Derveni Papyrus /</subfield>
         <subfield code="r">Marco Antonio Santamaría --</subfield>
         <subfield code="t">Sulla "filologia dei papiri virgiliani" : i P.Ness. II 1 e P.Ness. II 2 /</subfield>
         <subfield code="r">Maria Chiara Scappaticcio --</subfield>
         <subfield code="t">Text mining und Papyri /</subfield>
         <subfield code="r">Reinhold Scholl --</subfield>
         <subfield code="t">From demotic to Greek : some considerations on ancient translation based on the reading of P.Oxy. XI 1381 /</subfield>
         <subfield code="r">Monica Signoretti --</subfield>
         <subfield code="t">Coptic and Arabic papyri from Deir al-Balā’izah /</subfield>
         <subfield code="r">Petra M. Sijpesteijn --</subfield>
         <subfield code="t">Tesserarius and quadrarius : village officials in fourth century Egypt /</subfield>
         <subfield code="r">Mohamed S. Solieman --</subfield>
         <subfield code="t">La gazzella e la pietra adamantina in un papiro del Fisiologo greco (PSI inv. 295) /</subfield>
         <subfield code="r">Marco Stroppa --</subfield>
         <subfield code="t">Bilingual graffiti from the Ptolemaic quarries at Akoris and Zawiyat al-Sultan /</subfield>
         <subfield code="r">Yoshiyuki Suto, Ryosuke Takahashi --</subfield>
      </datafield>
      <datafield tag="505" ind1="8" ind2="0">
         <subfield code="t">Comparing structures in the Greek novel and demotic narrative /</subfield>
         <subfield code="r">John Tait --</subfield>
         <subfield code="t">P.Stras. ar. inv. 266 : le dernier horoscope sur papyrus – le premier horoscope en arabe /</subfield>
         <subfield code="r">Johann Thomann --</subfield>
         <subfield code="t">P.Enteux. 27 and the Nile transport of grain under the Ptolemies /</subfield>
         <subfield code="r">Dorothy J. Thompson --</subfield>
         <subfield code="t">Il tempio di Deir el-Medina : i culti e il contesto documentario /</subfield>
         <subfield code="r">Claudia Tirel Cena --</subfield>
         <subfield code="t">John Chrysostomos and Methodios at Montserrat /</subfield>
         <subfield code="r">Sofía Torallas, Klaas A. Worp --</subfield>
         <subfield code="t">Die Unterscheidung zwischen öffentlicher und privatgeschäftlicher Sphäre am Beispiel des Amts der riparii /</subfield>
         <subfield code="r">Sven Tost --</subfield>
         <subfield code="t">Genizah Ms. 17 : une séquence narrative de coloration juive ou chrétienne provenant du contexte des récits martyrologiques /</subfield>
         <subfield code="r">Alexandra Trachsel, Uri Yiftach-Firanko --</subfield>
         <subfield code="t">Les lettres coptes des archives de Dioscore d’Aphrodité /</subfield>
         <subfield code="r">Loreleï Vanderheyden --</subfield>
         <subfield code="t">Papiri con edizioni commentate /</subfield>
         <subfield code="r">Lucia Vannini --</subfield>
         <subfield code="t">Topography of Egypt online /</subfield>
         <subfield code="r">Herbert Verreth --</subfield>
         <subfield code="t">Lettori di Corinna in Egitto /</subfield>
         <subfield code="r">Carlo Vessella --</subfield>
         <subfield code="t">A re-examination of I Corinthians 14, 23–24 in light of Roman census declarations /</subfield>
         <subfield code="r">Joel A. Weaver --</subfield>
         <subfield code="t">An anti-hero’s heroes : Archilochus between Odysseus and Telephus (P.Oxy. LXIX 4708) /</subfield>
         <subfield code="r">John Whitehorne --</subfield>
         <subfield code="t">The copyist at work : scribal practice in duplicate documents /</subfield>
         <subfield code="r">Rachel Yuen-Collingridge, Malcolm Choat.</subfield>
      </datafield>
      <datafield tag="650" ind1=" " ind2="0">
         <subfield code="a">Manuscripts (Papyri)</subfield>
         <subfield code="v">Congresses.</subfield>
      </datafield>
      <datafield tag="651" ind1=" " ind2="0">
         <subfield code="a">Egypt</subfield>
         <subfield code="x">Antiquities</subfield>
         <subfield code="v">Congresses.</subfield>
      </datafield>
      <datafield tag="650" ind1=" " ind2="7">
         <subfield code="a">Manuscripts (Papyri)</subfield>
         <subfield code="2">fast</subfield>
         <subfield code="0">(OCoLC)fst01008260</subfield>
      </datafield>
      <datafield tag="655" ind1=" " ind2="7">
         <subfield code="a">Conference proceedings.</subfield>
         <subfield code="2">fast</subfield>
         <subfield code="0">(OCoLC)fst01423772</subfield>
      </datafield>
      <datafield tag="655" ind1=" " ind2="7">
         <subfield code="a">Kongress</subfield>
         <subfield code="z">Genf &lt;2010&gt;.</subfield>
         <subfield code="2">gnd</subfield>
      </datafield>
      <datafield tag="700" ind1="1" ind2=" ">
         <subfield code="a">Schubert, Paul,</subfield>
         <subfield code="d">1963-</subfield>
         <subfield code="e">editor.</subfield>
      </datafield>
      <datafield tag="830" ind1=" " ind2="0">
         <subfield code="a">Recherches et rencontres ;</subfield>
         <subfield code="v">v. 30.</subfield>
         <subfield code="x">1422-7606</subfield>
      </datafield>
      <datafield tag="OWN" ind1=" " ind2=" ">
         <subfield code="a">GENERAL</subfield>
      </datafield>
      <datafield tag="AVA" ind1=" " ind2=" ">
         <subfield code="a">NYU50</subfield>
         <subfield code="b">BOBST</subfield>
         <subfield code="c">Main Collection</subfield>
         <subfield code="d">PA3339 .I5 2010 Oversize</subfield>
         <subfield code="e">available</subfield>
         <subfield code="t">Available</subfield>
         <subfield code="f">1</subfield>
         <subfield code="g">0</subfield>
         <subfield code="h">N</subfield>
         <subfield code="i">1</subfield>
         <subfield code="j">MAIN</subfield>
         <subfield code="k">0</subfield>
      </datafield>
      <datafield tag="AVA" ind1=" " ind2=" ">
         <subfield code="a">NYU50</subfield>
         <subfield code="b">NISAW</subfield>
         <subfield code="c">Large Collection</subfield>
         <subfield code="d">PA3339 .I5 2010</subfield>
         <subfield code="e">available</subfield>
         <subfield code="t">Available</subfield>
         <subfield code="f">1</subfield>
         <subfield code="g">0</subfield>
         <subfield code="h">N</subfield>
         <subfield code="i">0</subfield>
         <subfield code="j">LARGE</subfield>
         <subfield code="k">0</subfield>
      </datafield>
      <marc:datafield tag="852" ind1=" " ind2=" ">
         <marc:subfield code="b">Institute for the Study of the Ancient World, </marc:subfield>
         <marc:subfield code="c">Large Collection</marc:subfield>
         <marc:subfield code="e">15 East 84th St., </marc:subfield>
         <marc:subfield code="e">New York, NY  10028</marc:subfield>
      </marc:datafield>
   </record>