
  
  
  
  
  
 
  
  <record xsi:schemaLocation="http://www.loc.gov/MARC21/slim http://www.loc.gov/standards/marcxml/schema/MARC21slim.xsd">
      <leader>00000cam a2200601 a 4500</leader>
      <controlfield tag="FMT">BK</controlfield>
      <controlfield tag="LDR">00000cam a2200601 a 4500</controlfield>
      <controlfield tag="001">004225046</controlfield>
      <controlfield tag="003">OCoLC</controlfield>
      <controlfield tag="005">20160115094032.0</controlfield>
      <controlfield tag="008">160115s1996    be a     b    010 0 fre d</controlfield>
      <datafield tag="035" ind1=" " ind2=" ">
         <subfield code="a">(OCoLC)43192053</subfield>
      </datafield>
      <datafield tag="040" ind1=" " ind2=" ">
         <subfield code="a">EQO</subfield>
         <subfield code="b">eng</subfield>
         <subfield code="c">EQO</subfield>
         <subfield code="d">OCLCQ</subfield>
         <subfield code="d">DTM</subfield>
         <subfield code="d">GEBAY</subfield>
         <subfield code="d">OCLCF</subfield>
         <subfield code="d">OCLCQ</subfield>
         <subfield code="d">OCLCO</subfield>
         <subfield code="d">NNU</subfield>
      </datafield>
      <datafield tag="041" ind1="0" ind2=" ">
         <subfield code="a">fre</subfield>
         <subfield code="a">eng</subfield>
         <subfield code="a">ger</subfield>
      </datafield>
      <datafield tag="043" ind1=" " ind2=" ">
         <subfield code="a">a-iq---</subfield>
         <subfield code="a">aw-----</subfield>
      </datafield>
      <datafield tag="050" ind1=" " ind2="4">
         <subfield code="a">DS72</subfield>
         <subfield code="b">.T32 1996</subfield>
      </datafield>
      <datafield tag="050" ind1=" " ind2="4">
         <subfield code="a">PJ3728</subfield>
         <subfield code="b">.T33 1996</subfield>
      </datafield>
      <datafield tag="245" ind1="0" ind2="0">
         <subfield code="a">Tablettes et images aux pays de Sumer et d'Akkad :</subfield>
         <subfield code="b">mélanges offerts à Monsieur H. Limet /</subfield>
         <subfield code="c">textes réunis par Ö. Tunca and D. Dehesell.</subfield>
      </datafield>
      <datafield tag="260" ind1=" " ind2=" ">
         <subfield code="a">Liege :</subfield>
         <subfield code="b">Université de Liege,</subfield>
         <subfield code="c">1996.</subfield>
      </datafield>
      <datafield tag="300" ind1=" " ind2=" ">
         <subfield code="a">xv, 226 pages :</subfield>
         <subfield code="b">illustrations ;</subfield>
         <subfield code="c">30 cm.</subfield>
      </datafield>
      <datafield tag="336" ind1=" " ind2=" ">
         <subfield code="a">text</subfield>
         <subfield code="b">txt</subfield>
         <subfield code="2">rdacontent</subfield>
      </datafield>
      <datafield tag="337" ind1=" " ind2=" ">
         <subfield code="a">unmediated</subfield>
         <subfield code="b">n</subfield>
         <subfield code="2">rdamedia</subfield>
      </datafield>
      <datafield tag="338" ind1=" " ind2=" ">
         <subfield code="a">volume</subfield>
         <subfield code="b">nc</subfield>
         <subfield code="2">rdacarrier</subfield>
      </datafield>
      <datafield tag="490" ind1="1" ind2=" ">
         <subfield code="a">Mémoires / Association pour la Promotion de l'Histoire et de l'Archéologie Orientales ;</subfield>
         <subfield code="v">1</subfield>
      </datafield>
      <datafield tag="500" ind1=" " ind2=" ">
         <subfield code="a">"Bibliographie d'Henri Limet": pages vii-xv.</subfield>
      </datafield>
      <datafield tag="504" ind1=" " ind2=" ">
         <subfield code="a">Includes bibliographical references.</subfield>
      </datafield>
      <datafield tag="505" ind1="0" ind2="0">
         <subfield code="t"/>
         <subfield code="t">He Who Pays With Valid Money : On the Status of Merchants in Early Mesopotamia /</subfield>
         <subfield code="r">B. Alster --</subfield>
         <subfield code="t">L'origine tribale de Zimri-Lim, roi de Mari /</subfield>
         <subfield code="r">M. Anbar --</subfield>
         <subfield code="t">Miettes de l'Edubbâ /</subfield>
         <subfield code="r">A. Cavigneaux --</subfield>
         <subfield code="t">The Gods of Suburban Umma /</subfield>
         <subfield code="r">M.E. Cohen --</subfield>
         <subfield code="t">Die spätaltbabylonische Einführungsszene : Zum Fortleben eines zentralen Bildmotivs der Ur-III-Zeit /</subfield>
         <subfield code="r">Gudrun Colbow --</subfield>
         <subfield code="t">À propos de quelques mots éblaïtes d'orfèvrerie /</subfield>
         <subfield code="r">P. Fronzaroli --</subfield>
         <subfield code="t">Notes on Neo-Sumerian Animal Husbandry /</subfield>
         <subfield code="r">W.W. Hallo --</subfield>
         <subfield code="t">Les différents moments de la journée, d'après les textes de Mari /</subfield>
         <subfield code="r">J.-R. Kupper --</subfield>
         <subfield code="t">L'extraction du minerai de cuivre en Iran à la fin du IIIe millenaire /</subfield>
         <subfield code="r">B. Lafont --</subfield>
         <subfield code="t">Mari à l'époque de shakkanakku /</subfield>
         <subfield code="r">J.-Cl. Margueron --</subfield>
         <subfield code="t">Terqa et l'époque des šakkanaku /</subfield>
         <subfield code="r">O. Rouault --</subfield>
         <subfield code="t">Deux signes, sous-multiples de gur /</subfield>
         <subfield code="r">M. Sigrist --</subfield>
         <subfield code="t">UET VII, 73: An Exercise Tablet Enumerating Professions /</subfield>
         <subfield code="r">Å.W. Sjöberg --</subfield>
         <subfield code="t">La rôle funéraire des ceintures à anneaux de coquille /</subfield>
         <subfield code="r">Agnès Spycket --</subfield>
         <subfield code="t">Kupfer ain ein Herdenamt in Šuruppak? /</subfield>
         <subfield code="r">H. Steible, Fatma Yildiz --</subfield>
         <subfield code="t">The Organisation of Animal Pasturing in the Light of Balanced Accounts, Inventories of Sheep and Goat Herdsmen from Umma /</subfield>
         <subfield code="r">M. Stępień --</subfield>
         <subfield code="t">The Reversibility of Human Fate in Ludlul II /</subfield>
         <subfield code="r">M. Stol --</subfield>
         <subfield code="t">Un nouvel exemplaire d'un cône de Nūr-Adad de Larsa /</subfield>
         <subfield code="r">Ph. Talon --</subfield>
         <subfield code="t">Noms sumériens ou noms accadiens /</subfield>
         <subfield code="r">M. Tanret --</subfield>
         <subfield code="t">Glyptique pseudo-kassite: glyptique kassite commune /</subfield>
         <subfield code="r">Madeleine Trokay --</subfield>
         <subfield code="t">La distribution aklu à Nippur à l'époque kassite /</subfield>
         <subfield code="r">Danielle Deheselle --</subfield>
         <subfield code="t">À propos de la genèse des orthostates néo-assyriens/</subfield>
         <subfield code="r">Ö. Tunca.</subfield>
      </datafield>
      <datafield tag="546" ind1=" " ind2=" ">
         <subfield code="a">Contributions in French, English, German.</subfield>
      </datafield>
      <datafield tag="650" ind1=" " ind2="0">
         <subfield code="a">Cuneiform tablets.</subfield>
      </datafield>
      <datafield tag="650" ind1=" " ind2="0">
         <subfield code="a">Akkadian language</subfield>
         <subfield code="v">Texts.</subfield>
      </datafield>
      <datafield tag="650" ind1=" " ind2="0">
         <subfield code="a">Sumerian language</subfield>
         <subfield code="v">Texts.</subfield>
      </datafield>
      <datafield tag="650" ind1=" " ind2="0">
         <subfield code="a">Civilization, Assyro-Babylonian.</subfield>
      </datafield>
      <datafield tag="651" ind1=" " ind2="0">
         <subfield code="a">Mari (Extinct city)</subfield>
      </datafield>
      <datafield tag="600" ind1="1" ind2="7">
         <subfield code="a">Limet, Henri.</subfield>
         <subfield code="2">fast</subfield>
         <subfield code="0">(OCoLC)fst00087651</subfield>
      </datafield>
      <datafield tag="650" ind1=" " ind2="7">
         <subfield code="a">Akkadian language.</subfield>
         <subfield code="2">fast</subfield>
         <subfield code="0">(OCoLC)fst00803982</subfield>
      </datafield>
      <datafield tag="650" ind1=" " ind2="7">
         <subfield code="a">Civilization, Assyro-Babylonian.</subfield>
         <subfield code="2">fast</subfield>
         <subfield code="0">(OCoLC)fst00862983</subfield>
      </datafield>
      <datafield tag="650" ind1=" " ind2="7">
         <subfield code="a">Cuneiform tablets.</subfield>
         <subfield code="2">fast</subfield>
         <subfield code="0">(OCoLC)fst00885202</subfield>
      </datafield>
      <datafield tag="651" ind1=" " ind2="7">
         <subfield code="a">Syria</subfield>
         <subfield code="z">Mari (Extinct city)</subfield>
         <subfield code="2">fast</subfield>
         <subfield code="0">(OCoLC)fst01896902</subfield>
      </datafield>
      <datafield tag="655" ind1=" " ind2="7">
         <subfield code="a">Texts.</subfield>
         <subfield code="2">fast</subfield>
         <subfield code="0">(OCoLC)fst01423705</subfield>
      </datafield>
      <datafield tag="700" ind1="1" ind2=" ">
         <subfield code="a">Tunca, Ö.</subfield>
      </datafield>
      <datafield tag="700" ind1="1" ind2=" ">
         <subfield code="a">Deheselle, D.</subfield>
         <subfield code="q">(Danielle)</subfield>
      </datafield>
      <datafield tag="700" ind1="1" ind2=" ">
         <subfield code="a">Limet, Henri,</subfield>
         <subfield code="e">honoree.</subfield>
      </datafield>
      <datafield tag="830" ind1=" " ind2="0">
         <subfield code="a">Mémoires (Association pour la promotion de l'histoire et de l'archéologie orientales) ;</subfield>
         <subfield code="v">1.</subfield>
      </datafield>
      <datafield tag="994" ind1=" " ind2=" ">
         <subfield code="a">Z0</subfield>
         <subfield code="b">ZYU</subfield>
      </datafield>
      <datafield tag="OWN" ind1=" " ind2=" ">
         <subfield code="a">GENERAL</subfield>
      </datafield>
      <datafield tag="AVA" ind1=" " ind2=" ">
         <subfield code="a">NYU50</subfield>
         <subfield code="b">NISAW</subfield>
         <subfield code="c">Large Collection</subfield>
         <subfield code="d">DS72 .T32 1996</subfield>
         <subfield code="e">available</subfield>
         <subfield code="t">Available</subfield>
         <subfield code="f">1</subfield>
         <subfield code="g">0</subfield>
         <subfield code="h">N</subfield>
         <subfield code="i">0</subfield>
         <subfield code="j">LARGE</subfield>
         <subfield code="k">0</subfield>
      </datafield>
      <marc:datafield tag="852" ind1=" " ind2=" ">
         <marc:subfield code="b">Institute for the Study of the Ancient World, </marc:subfield>
         <marc:subfield code="c">Large Collection</marc:subfield>
         <marc:subfield code="e">15 East 84th St., </marc:subfield>
         <marc:subfield code="e">New York, NY  10028</marc:subfield>
      </marc:datafield>
   </record>