
  
  
  
  
  
  
 
  
  <record xsi:schemaLocation="http://www.loc.gov/MARC21/slim http://www.loc.gov/standards/marcxml/schema/MARC21slim.xsd">
      <leader>00000cam a2200613 a 4500</leader>
      <controlfield tag="FMT">BK</controlfield>
      <controlfield tag="LDR">00000cam a2200613 a 4500</controlfield>
      <controlfield tag="001">003327004</controlfield>
      <controlfield tag="003">OCoLC</controlfield>
      <controlfield tag="005">20160122122949.0</controlfield>
      <controlfield tag="008">100429s2008    gw abe   b    100 0 eng c</controlfield>
      <datafield tag="016" ind1="7" ind2=" ">
         <subfield code="a">991503406</subfield>
         <subfield code="2">GyFmDB</subfield>
      </datafield>
      <datafield tag="020" ind1=" " ind2=" ">
         <subfield code="a">9783896466549 (hd.bd.)</subfield>
      </datafield>
      <datafield tag="020" ind1=" " ind2=" ">
         <subfield code="a">3896466542 (hd.bd.)</subfield>
      </datafield>
      <datafield tag="035" ind1=" " ind2=" ">
         <subfield code="a">(OCoLC)406142087</subfield>
      </datafield>
      <datafield tag="040" ind1=" " ind2=" ">
         <subfield code="a">OHX</subfield>
         <subfield code="c">OHX</subfield>
         <subfield code="d">STF</subfield>
         <subfield code="d">COO</subfield>
         <subfield code="d">GBVCP</subfield>
         <subfield code="d">NNU</subfield>
      </datafield>
      <datafield tag="041" ind1="0" ind2=" ">
         <subfield code="a">eng</subfield>
         <subfield code="a">ger</subfield>
         <subfield code="a">fre</subfield>
      </datafield>
      <datafield tag="042" ind1=" " ind2=" ">
         <subfield code="a">pcc</subfield>
      </datafield>
      <datafield tag="043" ind1=" " ind2=" ">
         <subfield code="a">a-sy---</subfield>
      </datafield>
      <datafield tag="050" ind1=" " ind2="4">
         <subfield code="a">DS94.5</subfield>
         <subfield code="b">.R475 2008</subfield>
      </datafield>
      <datafield tag="072" ind1=" " ind2="7">
         <subfield code="a">DS</subfield>
         <subfield code="2">lcco</subfield>
      </datafield>
      <datafield tag="245" ind1="0" ind2="0">
         <subfield code="a">Residences, castles, settlements :</subfield>
         <subfield code="b">transformation processes from late antiquity to early Islam in Bilad al-Sham : proceedings of the international conference held at Damascus, 5-9 November, 2006 /</subfield>
         <subfield code="c">Karin Bartl, Abd al-Razzaq Moaz (eds.).</subfield>
      </datafield>
      <datafield tag="246" ind1="3" ind2="0">
         <subfield code="a">Transformation processes from late antiquity to early Islam in Bilad al-Sham</subfield>
      </datafield>
      <datafield tag="260" ind1=" " ind2=" ">
         <subfield code="a">Rahden/Westf. :</subfield>
         <subfield code="b">VML, Verlag Marie Leidorf,</subfield>
         <subfield code="c">2008.</subfield>
      </datafield>
      <datafield tag="300" ind1=" " ind2=" ">
         <subfield code="a">xvi, 541 p. :</subfield>
         <subfield code="b">ill. (some col.), maps (some col.), plans ;</subfield>
         <subfield code="c">30 cm.</subfield>
      </datafield>
      <datafield tag="490" ind1="1" ind2=" ">
         <subfield code="a">Orient-Archäologie,</subfield>
         <subfield code="x">1434-162X ;</subfield>
         <subfield code="v">Bd. 24</subfield>
      </datafield>
      <datafield tag="546" ind1=" " ind2=" ">
         <subfield code="a">24 English, 6 German and 4 French contributions.</subfield>
      </datafield>
      <datafield tag="504" ind1=" " ind2=" ">
         <subfield code="a">Includes bibliographical references.</subfield>
      </datafield>
      <datafield tag="505" ind1="0" ind2="0">
         <subfield code="t">Umayyad art : Late Antique or Early Islamic? /</subfield>
         <subfield code="r">Oleg Grabar --</subfield>
         <subfield code="t">Umayyad architecture: a spectacular intra-cultural synthesis in Bilad al-Sham /</subfield>
         <subfield code="r">Nasser Rabbat --</subfield>
         <subfield code="t">50 Jahre Forschungen in Resafa/Sergiupolis, Struktur und Kontinuität /</subfield>
         <subfield code="r">Tilo Ulbert --</subfield>
         <subfield code="t">Resafa - Sergiupolis/Rusafat Hisham - neue Forschungsansätze /</subfield>
         <subfield code="r">Dorothée Sack --</subfield>
         <subfield code="t">Une primière campagne d'étude sur la mosquée d'al-Bara /</subfield>
         <subfield code="r">Gérard Charpentier - Maamoun Abdulkarim --</subfield>
         <subfield code="t">Al Andarin/Androna : site and setting /</subfield>
         <subfield code="r">Christine Strube --</subfield>
         <subfield code="t">Baths, reservoirs and water use at Androna in late antiquity and the Early Islamic period /</subfield>
         <subfield code="r">Marlia Mango --</subfield>
         <subfield code="t">Palmyra in the Early Islamic times /</subfield>
         <subfield code="r">Michal Gawlikowski</subfield>
         <subfield code="t">Gadara/Jadar/Umm Quays. Continuity and change of urban structures from a Hellenist hilltop site to an Umayyad scattered settlement /</subfield>
         <subfield code="r">Claudia Bührig --</subfield>
         <subfield code="t">Market buldings at Jerash : commercial transformations at the Tetrakonion in the 6th to 9th c. C.E. /</subfield>
         <subfield code="r">Ian Simpson --</subfield>
      </datafield>
      <datafield tag="505" ind1="0" ind2="0">
         <subfield code="t">Trois sites omeyyades de Jordanie centrale: Umm al-Walid, Khan al-Zabib et Qasr al-Mshatta /</subfield>
         <subfield code="r">Denis Genequand --</subfield>
         <subfield code="t">Hallabat: Castellum, Coenobium, Praetorium, Qaṣr : The construction of a palatine architecture under the Umayyads (I) /</subfield>
         <subfield code="r">Ignacio Arce --</subfield>
         <subfield code="t">The palatine city at Amman citadel : The construction of a palatine architecture under the Umayyads (II) /</subfield>
         <subfield code="r">Ignacio Arce --</subfield>
         <subfield code="t">Khirbat Faris : a rural settlement on the Karak Plateau during the Late Antique-Early Islamic transition /</subfield>
         <subfield code="r">Alison McQuitty --</subfield>
         <subfield code="t">Anjar : spätanik oder frühislamisch? /</subfield>
         <subfield code="r">Barbara Finster --</subfield>
         <subfield code="t">The Ummayyad desert castles and pre-Islamic Arabia /</subfield>
         <subfield code="r">Alastair Northedge --</subfield>
         <subfield code="t">The new urban settlement at Qasr al-Hayr al-Sharqi : components and development in the Early Islamic period /</subfield>
         <subfield code="r">Denis Genequand --</subfield>
         <subfield code="t">The animal scriptures at the Qasr al-Hayr al-Gharbi /</subfield>
         <subfield code="r">Dina Bakour --</subfield>
         <subfield code="t">Safaitic inscriptions from Jabal Says in the Damascus National Museum /</subfield>
         <subfield code="r">Muna Mu'azzin --</subfield>
         <subfield code="t">Jabal Says - from frontier protecting Castrum to cross-frontier Qaṣr? /</subfield>
         <subfield code="r">Franziska Bloch --</subfield>
         <subfield code="t">Transformation and continuity at al-Namara : camps, settlements, forts, and tombs /</subfield>
         <subfield code="r">Michael C.A. Macdonald --</subfield>
         <subfield code="t">Die Inschriften von al-Namara /</subfield>
         <subfield code="r">Hussein Zeinaddin --</subfield>
      </datafield>
      <datafield tag="505" ind1="0" ind2="0">
         <subfield code="t">La graphie des inscriptions arabes avant l'Islam et à l'époque umayyade /</subfield>
         <subfield code="r">Solange Ory --</subfield>
         <subfield code="t">Hadir, Hadir-Qinnasrin, Qinnasrin, que sait-on de la capitale de la Syrie du Nord au début de l'Islam? /</subfield>
         <subfield code="r">Marie-Odile Rousset --</subfield>
         <subfield code="t">For prince and country(side) - the Marwanid Mansion at Balis on the Euphrates /</subfield>
         <subfield code="r">Thomas F. Leisten --</subfield>
         <subfield code="t">Public and domestic architecture - the case of Madinat al-Far/Hisn Maslama /</subfield>
         <subfield code="r">Claus-Peter Haase --</subfield>
         <subfield code="t">Al-Raqqa/al-Rafiqa - die Grundrisskonzeption der frühabbasidischen Residenzbauten /</subfield>
         <subfield code="r">Ulrike Siegel --</subfield>
         <subfield code="t">Raqqa - architectural decoration of the Abbasid residences /</subfield>
         <subfield code="r">Christoph Konrad --</subfield>
         <subfield code="t">Die deutsch-syrischen Ausgrabungen in Kharab Sayyar/Nordostsyrien /</subfield>
         <subfield code="r">Jan-Waalke Meyer --</subfield>
         <subfield code="t">Roman military fortifications along the eastern desert frontier : settlement continuities and change in North Syria, 4th-8th centuries A. D. /</subfield>
         <subfield code="r">Michaela Konrad --</subfield>
         <subfield code="t">Tall al-Rum. A Late Roman to Early Islamic settlement on the river Euphrates /</subfield>
         <subfield code="r">Markus Gschwind - Haytham Hasan --</subfield>
         <subfield code="t">Copper coins minted in Damascus in the first and second century hijra /</subfield>
         <subfield code="r">Ghazwan Yaghi --</subfield>
         <subfield code="t">Settlement patterns, economic development and archaeological coin finds in Bilad al-Sham : the case of the Diyar Mudar /</subfield>
         <subfield code="r">Stefan Heidemann --</subfield>
         <subfield code="t">Settlements in antiquity and the Islamic periods : the plain of Akkar and the middle Orontes region /</subfield>
         <subfield code="r">Karin Bartl.</subfield>
      </datafield>
      <datafield tag="651" ind1=" " ind2="0">
         <subfield code="a">Syria</subfield>
         <subfield code="x">Antiquities</subfield>
         <subfield code="v">Congresses.</subfield>
      </datafield>
      <datafield tag="650" ind1=" " ind2="0">
         <subfield code="a">Architecture, Classical</subfield>
         <subfield code="z">Syria</subfield>
         <subfield code="v">Congresses.</subfield>
      </datafield>
      <datafield tag="650" ind1=" " ind2="0">
         <subfield code="a">Architecture, Byzantine</subfield>
         <subfield code="z">Syria</subfield>
         <subfield code="v">Congresses.</subfield>
      </datafield>
      <datafield tag="650" ind1=" " ind2="0">
         <subfield code="a">Islamic architecture</subfield>
         <subfield code="z">Syria</subfield>
         <subfield code="v">Congresses.</subfield>
      </datafield>
      <datafield tag="650" ind1=" " ind2="0">
         <subfield code="a">Cities and towns, Ancient</subfield>
         <subfield code="z">Syria</subfield>
         <subfield code="v">Congresses.</subfield>
      </datafield>
      <datafield tag="650" ind1=" " ind2="0">
         <subfield code="a">Islamic cities and towns</subfield>
         <subfield code="z">Syria</subfield>
         <subfield code="v">Congresses.</subfield>
      </datafield>
      <datafield tag="650" ind1=" " ind2="0">
         <subfield code="a">Excavations (Archaeology)</subfield>
         <subfield code="z">Syria</subfield>
         <subfield code="v">Congresses.</subfield>
      </datafield>
      <datafield tag="700" ind1="1" ind2=" ">
         <subfield code="a">Bartl, Karin.</subfield>
      </datafield>
      <datafield tag="700" ind1="1" ind2=" ">
         <subfield code="a">Moaz, Abd al-Razzaq.</subfield>
      </datafield>
      <datafield tag="710" ind1="1" ind2=" ">
         <subfield code="a">Syria.</subfield>
         <subfield code="b">Mudīrīyat al-Āthār wa-al-Matāḥif.</subfield>
      </datafield>
      <datafield tag="710" ind1="2" ind2=" ">
         <subfield code="a">Deutsches Archäologisches Institut.</subfield>
         <subfield code="b">Aussenstelle Damaskus.</subfield>
      </datafield>
      <datafield tag="830" ind1=" " ind2="0">
         <subfield code="a">Orient-Archäologie ;</subfield>
         <subfield code="v">Bd. 24.</subfield>
      </datafield>
      <datafield tag="OWN" ind1=" " ind2=" ">
         <subfield code="a">GENERAL</subfield>
      </datafield>
      <datafield tag="AVA" ind1=" " ind2=" ">
         <subfield code="a">NYU50</subfield>
         <subfield code="b">NIFA</subfield>
         <subfield code="c">Main Collection</subfield>
         <subfield code="d">DS94.5 .R475 2008 Non-circulating</subfield>
         <subfield code="e">available</subfield>
         <subfield code="t">Available</subfield>
         <subfield code="f">1</subfield>
         <subfield code="g">0</subfield>
         <subfield code="h">N</subfield>
         <subfield code="i">0</subfield>
         <subfield code="j">MAIN</subfield>
         <subfield code="k">0</subfield>
      </datafield>
      <datafield tag="AVA" ind1=" " ind2=" ">
         <subfield code="a">NYU50</subfield>
         <subfield code="b">NISAW</subfield>
         <subfield code="c">Large Collection</subfield>
         <subfield code="d">DS94.5 .R475 2008</subfield>
         <subfield code="e">available</subfield>
         <subfield code="t">Available</subfield>
         <subfield code="f">1</subfield>
         <subfield code="g">0</subfield>
         <subfield code="h">N</subfield>
         <subfield code="i">0</subfield>
         <subfield code="j">LARGE</subfield>
         <subfield code="k">0</subfield>
      </datafield>
      <marc:datafield tag="852" ind1=" " ind2=" ">
         <marc:subfield code="b">Institute for the Study of the Ancient World, </marc:subfield>
         <marc:subfield code="c">Large Collection</marc:subfield>
         <marc:subfield code="e">15 East 84th St., </marc:subfield>
         <marc:subfield code="e">New York, NY  10028</marc:subfield>
      </marc:datafield>
   </record>