
  
  
  
  
  
 
  
  <record xsi:schemaLocation="http://www.loc.gov/MARC21/slim http://www.loc.gov/standards/marcxml/schema/MARC21slim.xsd">
      <leader>00000cam a22      a 4500</leader>
      <controlfield tag="FMT">BK</controlfield>
      <controlfield tag="LDR">00000cam a22      a 4500</controlfield>
      <controlfield tag="001">004226460</controlfield>
      <controlfield tag="005">20160120162518.0</controlfield>
      <controlfield tag="008">160120t20142014gw a     b    101 0 ger d</controlfield>
      <datafield tag="010" ind1=" " ind2=" ">
         <subfield code="a">  2015452186</subfield>
      </datafield>
      <datafield tag="020" ind1=" " ind2=" ">
         <subfield code="a">3110371243</subfield>
         <subfield code="q">hardback</subfield>
      </datafield>
      <datafield tag="020" ind1=" " ind2=" ">
         <subfield code="a">9783110371246</subfield>
         <subfield code="q">hardback</subfield>
      </datafield>
      <datafield tag="020" ind1=" " ind2=" ">
         <subfield code="z">9783110371277 (PDF)</subfield>
      </datafield>
      <datafield tag="020" ind1=" " ind2=" ">
         <subfield code="z">9783110412598 (EPUB)</subfield>
      </datafield>
      <datafield tag="035" ind1=" " ind2=" ">
         <subfield code="a">(OCoLC)887857544</subfield>
      </datafield>
      <datafield tag="040" ind1=" " ind2=" ">
         <subfield code="a">YDXCP</subfield>
         <subfield code="b">eng</subfield>
         <subfield code="c">YDXCP</subfield>
         <subfield code="d">BTCTA</subfield>
         <subfield code="d">OHX</subfield>
         <subfield code="d">OCLCO</subfield>
         <subfield code="d">OCLCF</subfield>
         <subfield code="d">ZCU</subfield>
         <subfield code="d">NDD</subfield>
         <subfield code="d">OCLCO</subfield>
         <subfield code="d">DLC</subfield>
         <subfield code="d">IUL</subfield>
         <subfield code="d">OCLCO</subfield>
         <subfield code="d">NNU</subfield>
      </datafield>
      <datafield tag="050" ind1=" " ind2="4">
         <subfield code="a">BL71</subfield>
         <subfield code="b">.E77 2014</subfield>
      </datafield>
      <datafield tag="072" ind1=" " ind2="7">
         <subfield code="a">BL</subfield>
         <subfield code="2">lcco</subfield>
      </datafield>
      <datafield tag="072" ind1=" " ind2="7">
         <subfield code="a">P</subfield>
         <subfield code="2">lcco</subfield>
      </datafield>
      <datafield tag="082" ind1="0" ind2="4">
         <subfield code="a">208.2</subfield>
         <subfield code="2">23</subfield>
      </datafield>
      <datafield tag="245" ind1="0" ind2="0">
         <subfield code="a">Erscheinungsformen und Handhabungen Heiliger Schriften /</subfield>
         <subfield code="c">herausgegeben von Joachim Friedrich Quack und Daniela Christina Luft.</subfield>
      </datafield>
      <datafield tag="264" ind1=" " ind2="1">
         <subfield code="a">Berlin :</subfield>
         <subfield code="b">De Gruyter,</subfield>
         <subfield code="c">[2014]</subfield>
      </datafield>
      <datafield tag="264" ind1=" " ind2="4">
         <subfield code="c">©2014</subfield>
      </datafield>
      <datafield tag="300" ind1=" " ind2=" ">
         <subfield code="a">vii, 349 pages :</subfield>
         <subfield code="b">illustrations (some color) ;</subfield>
         <subfield code="c">25 cm.</subfield>
      </datafield>
      <datafield tag="336" ind1=" " ind2=" ">
         <subfield code="a">text</subfield>
         <subfield code="b">txt</subfield>
         <subfield code="2">rdacontent</subfield>
      </datafield>
      <datafield tag="337" ind1=" " ind2=" ">
         <subfield code="a">unmediated</subfield>
         <subfield code="b">n</subfield>
         <subfield code="2">rdamedia</subfield>
      </datafield>
      <datafield tag="338" ind1=" " ind2=" ">
         <subfield code="a">volume</subfield>
         <subfield code="b">nc</subfield>
         <subfield code="2">rdacarrier</subfield>
      </datafield>
      <datafield tag="490" ind1="1" ind2=" ">
         <subfield code="a">Materiale Textkulturen ;</subfield>
         <subfield code="v">Bd. 5</subfield>
      </datafield>
      <datafield tag="500" ind1=" " ind2=" ">
         <subfield code="a">Revised papers presented at conference held November 25-27, 2011 at Universität Heidelberg.</subfield>
      </datafield>
      <datafield tag="504" ind1=" " ind2=" ">
         <subfield code="a">Includes bibliographical references and index.</subfield>
      </datafield>
      <datafield tag="505" ind1="0" ind2="0">
         <subfield code="a">Einleitung : Heilige Schriften und ihre Heiligkeit in Umgang und materieller Präsenz /</subfield>
         <subfield code="r">Daniela C. Luft --</subfield>
         <subfield code="t">Die Kognition von Heiligem und ihre sozio-biologischen Aspekte in der Vor- und Frühgeschichte /</subfield>
         <subfield code="r">Peter Haupt --</subfield>
         <subfield code="t">Amulette und 'Amulettform' : zum Zusammenhang von Form, Funktion und Text von Amuletten in Alten Mesopotamien /</subfield>
         <subfield code="r">Nils P. Heßel --</subfield>
         <subfield code="t">Lesestoffe? Leinen als Träger altägyptischer Texte /</subfield>
         <subfield code="r">Holger Kockelmann --</subfield>
         <subfield code="t">Totenbuch und Getreideabrechnung /</subfield>
         <subfield code="r">Joachim Friedrich Quack --</subfield>
         <subfield code="t">Materiale Präsenz sakraler vs. profaner Schriften in bilinguer Epigraphik des ptolemäisch-römischen Ägypten /</subfield>
         <subfield code="r">Jan Moje --</subfield>
         <subfield code="t">Heilige buddhistische Schriften in Stein /</subfield>
         <subfield code="r">Claudia Wenzel --</subfield>
         <subfield code="t">Vom Sefer Tora zum sefer : die Bedeutung von Büchern im 'Buch der Frommen' des R. Yehuda ben Shumu'el he-Chasid /</subfield>
         <subfield code="r">Hanna Liss --</subfield>
         <subfield code="t">Der Codex als Verkörperung Christi /</subfield>
         <subfield code="r">Bruno Reudenbach --</subfield>
         <subfield code="t">Schrift im Mittelalter - Zeichen des Heils /</subfield>
         <subfield code="r">Gereon Becht-Jördens --</subfield>
         <subfield code="t">Machtvolle Zeichen : Schrift als Medium esoterischer Spekulation, ritueller Wirkung und religiöser Kanonisierung in Bali /</subfield>
         <subfield code="r">Annette Hornbacher.</subfield>
      </datafield>
      <datafield tag="650" ind1=" " ind2="0">
         <subfield code="a">Sacred books</subfield>
         <subfield code="v">Congresses.</subfield>
      </datafield>
      <datafield tag="650" ind1=" " ind2="0">
         <subfield code="a">Sacred books</subfield>
         <subfield code="x">History and criticism.</subfield>
      </datafield>
      <datafield tag="650" ind1=" " ind2="0">
         <subfield code="a">Material culture</subfield>
         <subfield code="x">Religious aspects.</subfield>
      </datafield>
      <datafield tag="700" ind1="1" ind2=" ">
         <subfield code="a">Quack, Joachim Friedrich,</subfield>
         <subfield code="d">1966-</subfield>
         <subfield code="e">editor.</subfield>
      </datafield>
      <datafield tag="700" ind1="1" ind2=" ">
         <subfield code="a">Luft, Daniela C.,</subfield>
         <subfield code="e">editor.</subfield>
      </datafield>
      <datafield tag="830" ind1=" " ind2="0">
         <subfield code="a">Materiale Textkulturen ;</subfield>
         <subfield code="v">Bd. 5.</subfield>
      </datafield>
      <datafield tag="OWN" ind1=" " ind2=" ">
         <subfield code="a">GENERAL</subfield>
      </datafield>
      <datafield tag="980" ind1=" " ind2=" ">
         <subfield code="g">1</subfield>
         <subfield code="b">89.95</subfield>
         <subfield code="c">EUR</subfield>
         <subfield code="a">20160416</subfield>
         <subfield code="f">HAR70957247</subfield>
      </datafield>
      <datafield tag="981" ind1=" " ind2=" ">
         <subfield code="b">BBGGENA-2016</subfield>
         <subfield code="c">BMAIN</subfield>
         <subfield code="d">NOTE: DUP:004226460 S:WGH</subfield>
      </datafield>
      <datafield tag="982" ind1=" " ind2=" ">
         <subfield code="f">HAR70957247</subfield>
         <subfield code="b">NY</subfield>
         <subfield code="e">WGH</subfield>
      </datafield>
      <datafield tag="984" ind1=" " ind2=" ">
         <subfield code="a">20160416</subfield>
      </datafield>
      <datafield tag="985" ind1=" " ind2=" ">
         <subfield code="d">004226460</subfield>
      </datafield>
      <datafield tag="986" ind1=" " ind2=" ">
         <subfield code="a">har140272450</subfield>
      </datafield>
      <datafield tag="049" ind1=" " ind2=" ">
         <subfield code="a">HARPBMAIN</subfield>
      </datafield>
      <datafield tag="AVA" ind1=" " ind2=" ">
         <subfield code="a">NYU50</subfield>
         <subfield code="b">BOBST</subfield>
         <subfield code="c">Main Collection</subfield>
         <subfield code="e">unavailable</subfield>
         <subfield code="t">Unavailable</subfield>
         <subfield code="f">1</subfield>
         <subfield code="g">1</subfield>
         <subfield code="h">N</subfield>
         <subfield code="i">0</subfield>
         <subfield code="j">MAIN</subfield>
         <subfield code="k">0</subfield>
      </datafield>
      <datafield tag="AVA" ind1=" " ind2=" ">
         <subfield code="a">NYU50</subfield>
         <subfield code="b">NISAW</subfield>
         <subfield code="c">Small Collection</subfield>
         <subfield code="d">BL71 .E77 2014</subfield>
         <subfield code="e">available</subfield>
         <subfield code="t">Available</subfield>
         <subfield code="f">1</subfield>
         <subfield code="g">0</subfield>
         <subfield code="h">N</subfield>
         <subfield code="i">0</subfield>
         <subfield code="j">SMALL</subfield>
         <subfield code="k">0</subfield>
      </datafield>
      <marc:datafield tag="852" ind1=" " ind2=" ">
         <marc:subfield code="b">Institute for the Study of the Ancient World, </marc:subfield>
         <marc:subfield code="c">Small Collection</marc:subfield>
         <marc:subfield code="e">15 East 84th St., </marc:subfield>
         <marc:subfield code="e">New York, NY  10028</marc:subfield>
      </marc:datafield>
   </record>