
  
  
  
  
  
 
  
  <record xsi:schemaLocation="http://www.loc.gov/MARC21/slim http://www.loc.gov/standards/marcxml/schema/MARC21slim.xsd">
      <leader>00000nam a22      i 4500</leader>
      <controlfield tag="FMT">BK</controlfield>
      <controlfield tag="LDR">00000nam a22      i 4500</controlfield>
      <controlfield tag="001">004225950</controlfield>
      <controlfield tag="005">20160122120639.0</controlfield>
      <controlfield tag="008">160120s2015    gw abe   b    000 0 eng d</controlfield>
      <datafield tag="020" ind1=" " ind2=" ">
         <subfield code="a">9783943955163</subfield>
      </datafield>
      <datafield tag="040" ind1=" " ind2=" ">
         <subfield code="a">NNU</subfield>
         <subfield code="b">eng</subfield>
         <subfield code="e">rda</subfield>
         <subfield code="c">NNU</subfield>
      </datafield>
      <datafield tag="041" ind1="0" ind2=" ">
         <subfield code="a">eng</subfield>
         <subfield code="a">ger</subfield>
      </datafield>
      <datafield tag="043" ind1=" " ind2=" ">
         <subfield code="a">f-ua---</subfield>
      </datafield>
      <datafield tag="050" ind1=" " ind2="4">
         <subfield code="a">Z106.5.E3</subfield>
         <subfield code="b">N65 2015</subfield>
      </datafield>
      <datafield tag="245" ind1="0" ind2="0">
         <subfield code="a">Non-textual marking systems in ancient Egypt (and elsewhere) /</subfield>
         <subfield code="c">edited by Julia Budka, Frank Kammerzell &amp; Slawomir Rzepka.</subfield>
      </datafield>
      <datafield tag="264" ind1=" " ind2="1">
         <subfield code="a">Hamburg :</subfield>
         <subfield code="b">Widmaier Verlag,</subfield>
         <subfield code="c">2015.</subfield>
      </datafield>
      <datafield tag="300" ind1=" " ind2=" ">
         <subfield code="a">x, 322 pages :</subfield>
         <subfield code="b">illustrations (some color), maps, plans ;</subfield>
         <subfield code="c">25 cm.</subfield>
      </datafield>
      <datafield tag="336" ind1=" " ind2=" ">
         <subfield code="a">text</subfield>
         <subfield code="b">txt</subfield>
         <subfield code="2">rdacontent</subfield>
      </datafield>
      <datafield tag="337" ind1=" " ind2=" ">
         <subfield code="a">unmediated</subfield>
         <subfield code="b">n</subfield>
         <subfield code="2">rdamedia</subfield>
      </datafield>
      <datafield tag="338" ind1=" " ind2=" ">
         <subfield code="a">volume</subfield>
         <subfield code="b">nc</subfield>
         <subfield code="2">rdacarrier</subfield>
      </datafield>
      <datafield tag="490" ind1="1" ind2=" ">
         <subfield code="a">Lingua Aegyptia. Studia monographica,</subfield>
         <subfield code="x">0946-8641 ;</subfield>
         <subfield code="v">Band 16</subfield>
      </datafield>
      <datafield tag="546" ind1=" " ind2=" ">
         <subfield code="a">21 English, 2 German articles.</subfield>
      </datafield>
      <datafield tag="500" ind1=" " ind2=" ">
         <subfield code="a">This volume presents results from a cooperative project of the Institutes of Archaeology of Uniwersitet Warszawski and Humboldt-Universität zu Berlinand, and selected papers presented in Warsaw (2011) and Berlin (2012).</subfield>
      </datafield>
      <datafield tag="504" ind1=" " ind2=" ">
         <subfield code="a">Includes bibliographical references.</subfield>
      </datafield>
      <datafield tag="505" ind1="0" ind2="0">
         <subfield code="g">Methods &amp; semiotic.</subfield>
         <subfield code="t">Non-textual marking systems in ancient Egypt (and elsewhere) : an introduction /</subfield>
         <subfield code="r">Julia Budka, Frank Kammerzell &amp; Slawomir Rzepka --</subfield>
         <subfield code="t">Signification in ancient Egyptian builders' marks /</subfield>
         <subfield code="r">Kyra von der Moezel --</subfield>
         <subfield code="t">Arithmoi and semeia /</subfield>
         <subfield code="r">Adam Lukaszewicz --</subfield>
         <subfield code="g">Architecture &amp; builders' marks.</subfield>
         <subfield code="t">Non-textual marking on a construction site /</subfield>
         <subfield code="r">Kamil O. Kuraszkiewicz --</subfield>
         <subfield code="t">Marks on the faience tiles from the "blue chambers" of Netjerykhet's funerary complex /</subfield>
         <subfield code="r">Kamil O. Kuraszkiewicz --</subfield>
         <subfield code="t">Building dipinti in the Hatshepsut and Thutmose III temples at Deir el-Bahari: summarising four seasons of work (2006, 2008, 2009, 2011) /</subfield>
         <subfield code="r">Dawid F. Wieczorek --</subfield>
         <subfield code="t">Thutmosis III temple of millions of years and the mud brick marks : conservation and first conclusions /</subfield>
         <subfield code="r">Myriam Seco Álvarez &amp; Augustín Gamarra Campuzano --</subfield>
         <subfield code="t">Quarry marks of the Amarna period : the limestone quarries of Dayr Abū Hinnis /</subfield>
         <subfield code="r">Athena Van der Perre --</subfield>
         <subfield code="t">Non-textual marking systems at Gebel el-Silsila : from dynastic signifiers of identity to symbols of adoration /</subfield>
         <subfield code="r">Maria Nilsson --</subfield>
         <subfield code="g">Deir el-Medina.</subfield>
         <subfield code="t">Non-textual marking systems : the case of Deir el-Medina /</subfield>
         <subfield code="r">Eva-Maria Engel --</subfield>
         <subfield code="t">Workmen's marks in pre-Amarna tombs at Deir el-Medina /</subfield>
         <subfield code="r">Daniel Soliman --</subfield>
         <subfield code="t">Between administrative writing and work practice : marks ostraca and the roster of day duties of the royal necropolis workmen in the New Kingdom /</subfield>
         <subfield code="r">Ben J. J. Haring --</subfield>
         <subfield code="t">Für jeden Arbeiter aus Deir el-Medine ein Namenszeichen /</subfield>
         <subfield code="r">Andreas Dorn --</subfield>
         <subfield code="t">"Funny signs" graffiti vs. textual graffiti : contemporary or not? /</subfield>
         <subfield code="r">Slawomir Rzepka --</subfield>
      </datafield>
      <datafield tag="505" ind1="0" ind2="0">
         <subfield code="g">Pot marks.</subfield>
         <subfield code="t">Pot marks from ancient Egypt : the multiple function of marking ceramic vessels /</subfield>
         <subfield code="r">Julia Budka &amp; Eva-Maria Engel --</subfield>
         <subfield code="t">Pot marks on bread moulds in settlement context during Naqada III period : a comparative view from Adaïma (Upper Egypt) and Tell el-Iswid South (Lower Egypt) /</subfield>
         <subfield code="r">Gaëlle Bréand --</subfield>
         <subfield code="t">The early dynastic pot mark project /</subfield>
         <subfield code="r">Eva-Maria Engel --</subfield>
         <subfield code="t">Ein corpus von Ritzmarken auf Weinkrügen aus dem Grab des Ninetjer in Saqqara /</subfield>
         <subfield code="r">Rita Hartmann --</subfield>
         <subfield code="t">Pot marks in textual eveidence? /</subfield>
         <subfield code="r">Petra Andrássy --</subfield>
         <subfield code="t">Noughs and crosses : potmarks on the late Old Kingdom beer jars from West Saqqara /</subfield>
         <subfield code="r">Teodozja I. Rzeuska --</subfield>
         <subfield code="t">Marks on Egyptian festival pottery : the use of pot marks in the context of Osirian rituals at Umm el-Qaab, Abydos /</subfield>
         <subfield code="r">Julia Budka --</subfield>
         <subfield code="t">Pot marks on New Kingdom amphorae from the oases : the case of Umm el-Qaab /</subfield>
         <subfield code="r">Julia Budka --</subfield>
         <subfield code="t">Late dynastic and Ptolemaic pot marks from the Thebaid /</subfield>
         <subfield code="r">Gábor Schreiber.</subfield>
      </datafield>
      <datafield tag="650" ind1=" " ind2="0">
         <subfield code="a">Signs and symbols</subfield>
         <subfield code="z">Egypt.</subfield>
      </datafield>
      <datafield tag="650" ind1=" " ind2="0">
         <subfield code="a">Writing</subfield>
         <subfield code="z">Egypt.</subfield>
      </datafield>
      <datafield tag="650" ind1=" " ind2="0">
         <subfield code="a">Semiotics and archaeology</subfield>
         <subfield code="z">Egypt.</subfield>
      </datafield>
      <datafield tag="650" ind1=" " ind2="0">
         <subfield code="a">Pottery</subfield>
         <subfield code="z">Egypt</subfield>
         <subfield code="x">Marks.</subfield>
      </datafield>
      <datafield tag="650" ind1=" " ind2="0">
         <subfield code="a">Buildings</subfield>
         <subfield code="z">Egypt.</subfield>
      </datafield>
      <datafield tag="650" ind1=" " ind2="0">
         <subfield code="a">Excavations (Archaeology)</subfield>
         <subfield code="z">Egypt.</subfield>
      </datafield>
      <datafield tag="651" ind1=" " ind2="0">
         <subfield code="a">Deir el-Medina Site (Egypt)</subfield>
         <subfield code="x">Antiquities.</subfield>
      </datafield>
      <datafield tag="700" ind1="1" ind2=" ">
         <subfield code="a">Budka, Julia,</subfield>
         <subfield code="e">editor,</subfield>
         <subfield code="e">author.</subfield>
      </datafield>
      <datafield tag="700" ind1="1" ind2=" ">
         <subfield code="a">Kammerzell, Frank,</subfield>
         <subfield code="e">editor.</subfield>
      </datafield>
      <datafield tag="700" ind1="1" ind2=" ">
         <subfield code="a">Rzepka, Slawomir,</subfield>
         <subfield code="e">editor,</subfield>
         <subfield code="e">author.</subfield>
      </datafield>
      <datafield tag="830" ind1=" " ind2="0">
         <subfield code="a">Lingua aegyptia.</subfield>
         <subfield code="p">Studia monographica ;</subfield>
         <subfield code="v">Band 16.</subfield>
         <subfield code="x">0946-8641</subfield>
      </datafield>
      <datafield tag="OWN" ind1=" " ind2=" ">
         <subfield code="a">GENERAL</subfield>
      </datafield>
      <datafield tag="AVA" ind1=" " ind2=" ">
         <subfield code="a">NYU50</subfield>
         <subfield code="b">NISAW</subfield>
         <subfield code="c">Small Collection</subfield>
         <subfield code="d">Z106.5.E3 N65 2015</subfield>
         <subfield code="e">available</subfield>
         <subfield code="t">Available</subfield>
         <subfield code="f">1</subfield>
         <subfield code="g">0</subfield>
         <subfield code="h">N</subfield>
         <subfield code="i">0</subfield>
         <subfield code="j">SMALL</subfield>
         <subfield code="k">0</subfield>
      </datafield>
      <marc:datafield tag="852" ind1=" " ind2=" ">
         <marc:subfield code="b">Institute for the Study of the Ancient World, </marc:subfield>
         <marc:subfield code="c">Small Collection</marc:subfield>
         <marc:subfield code="e">15 East 84th St., </marc:subfield>
         <marc:subfield code="e">New York, NY  10028</marc:subfield>
      </marc:datafield>
   </record>