
  
  
  
  
  
 
  
  <record xsi:schemaLocation="http://www.loc.gov/MARC21/slim http://www.loc.gov/standards/marcxml/schema/MARC21slim.xsd">
      <leader>00000cam a2200445 i 4500</leader>
      <controlfield tag="FMT">BK</controlfield>
      <controlfield tag="LDR">00000cam a2200445 i 4500</controlfield>
      <controlfield tag="001">004226769</controlfield>
      <controlfield tag="005">20160301143213.0</controlfield>
      <controlfield tag="008">160121s2013    ru ab  f b    100 0 rusod</controlfield>
      <datafield tag="020" ind1=" " ind2=" ">
         <subfield code="a">9785918771297</subfield>
      </datafield>
      <datafield tag="040" ind1=" " ind2=" ">
         <subfield code="a">NNU</subfield>
         <subfield code="b">eng</subfield>
         <subfield code="e">rda</subfield>
         <subfield code="c">NNU</subfield>
      </datafield>
      <datafield tag="043" ind1=" " ind2=" ">
         <subfield code="a">e-ru---</subfield>
         <subfield code="a">e-urw--</subfield>
      </datafield>
      <datafield tag="050" ind1=" " ind2="4">
         <subfield code="a">DK771.W47</subfield>
         <subfield code="b">D748 2013</subfield>
      </datafield>
      <datafield tag="111" ind1="2" ind2=" ">
         <subfield code="6">880-01</subfield>
         <subfield code="a">Mezhdunarodnai͡a studencheskai͡a arkheologo-ėtnologicheskai͡a konferent͡sii͡a</subfield>
         <subfield code="n">(29th :</subfield>
         <subfield code="d">2013 :</subfield>
         <subfield code="c">Bri͡ansk, Russia)</subfield>
      </datafield>
      <datafield tag="245" ind1="1" ind2="0">
         <subfield code="6">880-02</subfield>
         <subfield code="a">Drevnosti Sredne-Zapadnoĭ Rossii i sopredelʹnykh territoriĭ :</subfield>
         <subfield code="b">materialy XXIX mezhdunarodnoĭ studencheskoĭ arkheologo-ėtnologicheskoĭ konferent͡sii 22-25 mai͡a 2013 goda /</subfield>
         <subfield code="c">[redkollegii͡a: Gurʹi͡anov, V.N., Kedun, I.S., Chubur, A.A., Shinakov, E.A., Shcheglova, O.A.]</subfield>
      </datafield>
      <datafield tag="264" ind1=" " ind2="1">
         <subfield code="6">880-03</subfield>
         <subfield code="a">Bri͡ansk :</subfield>
         <subfield code="b">GK "Desi͡atochka",</subfield>
         <subfield code="c">2013.</subfield>
      </datafield>
      <datafield tag="300" ind1=" " ind2=" ">
         <subfield code="a">172 pages :</subfield>
         <subfield code="b">illustrations, maps ;</subfield>
         <subfield code="c">20 cm</subfield>
      </datafield>
      <datafield tag="336" ind1=" " ind2=" ">
         <subfield code="a">text</subfield>
         <subfield code="2">rdacontent</subfield>
      </datafield>
      <datafield tag="337" ind1=" " ind2=" ">
         <subfield code="a">unmediated</subfield>
         <subfield code="2">rdamedia</subfield>
      </datafield>
      <datafield tag="338" ind1=" " ind2=" ">
         <subfield code="a">volume</subfield>
         <subfield code="2">rdacarrier</subfield>
      </datafield>
      <datafield tag="504" ind1=" " ind2=" ">
         <subfield code="a">Includes bibliographical references.</subfield>
      </datafield>
      <datafield tag="500" ind1=" " ind2=" ">
         <subfield code="6">880-04</subfield>
         <subfield code="a">At head of title : FGBOU VPO Bri͡anskiĭ gosudarsvennyĭ universitst imeni akademika I.G. Petrovskogo (and 5 others).</subfield>
      </datafield>
      <datafield tag="505" ind1="0" ind2=" ">
         <subfield code="t">Arkheologii ͡a.</subfield>
         <subfield code="t">Bronzovye priveski iz kurgannykh nekropoleĭ Mogilëvskogo Podneprovʹi͡a i Posozhʹi͡a kak ėlement zhenskogo pogrebalʹnogo kosti͡uma /</subfield>
         <subfield code="r">Avlasovich A. (Mogilëv, Belarusʹ) --</subfield>
         <subfield code="t">Istorii͡a arkheologicheskogo izuchenii͡a Staroduba /</subfield>
         <subfield code="r">Areshchenko A. (Br͡ansk, Rossii͡a) --</subfield>
         <subfield code="t">Zoomorfnye drevnerusskie priveski Desninskogo regiona /</subfield>
         <subfield code="r">Babaeva K., Lakhtikova S. (Br͡ansk, Rossii͡a) --</subfield>
         <subfield code="t">Tekhokompleksy svidersskoĭ kulʹtury Mogilëvskgo Posozhʹi͡a po materialam stoi͡anok Gorki i Pervokricheskiĭ 3 /</subfield>
         <subfield code="r">Belabrovik D. (Mogilëv, Belarusʹ) --</subfield>
         <subfield code="t">Shtrikhi k issledovani͡u kievo-kolochinskikh drevnosteĭ v okrestnosti͡akh s. Khotylëvo /</subfield>
         <subfield code="r">Bloshenkova M., Ri͡abchevskiĭ N. (Br͡ansk, Rossii͡a) --</subfield>
         <subfield code="t">Pri͡aslit͡sa s Drevnerusskogo detint͡sa po materialam raskopokj Novgorod-Severskoĭ ėkspedit͡sii 2-11-2012 gg. /</subfield>
         <subfield code="r">Volosi͡ankina I͡A. --</subfield>
         <subfield code="t">Mesto domashnikh promyslov v khozi͡aĭstvennoĭ strukture (sic!) srubnogo obshchestva Dnepro-Donskogo mezhdurechʹi͡a /</subfield>
         <subfield code="r">Zavorotnai͡a A. (Donet͡sk, Ukraina) --</subfield>
         <subfield code="t">Problemy interpretat͡sii i klassifikat͡sii predmetov oruzhii͡a dalʹnego boi͡a s territorii Bukoviny /</subfield>
         <subfield code="r">Kalinichenko V. (Chernovt͡sy, Ukraina) --</subfield>
         <subfield code="t">Drevnerusskie priveski-obrazki s izobrazheniem (sic!) svi͡atogo voina /</subfield>
         <subfield code="r">Kononovich, A. (Sankt-Peterburg, Rossii͡a) --</subfield>
         <subfield code="t">O vozmozhnoĭ semantike lunnit͡s s ėmali͡ami kievskoĭ kulʹtury v svete rimskikh i praslavi͡anskikh fallicheskikh kulʹtov /</subfield>
         <subfield code="r">Kasimchuk E. (Br͡ansk, Rossii͡a) --</subfield>
         <subfield code="t">Romenskie pami͡atniki na territorii Novgorod-Severskogo Polesʹi͡a po materialam razvedok S.A. Gatt͡suka, 1907 g. /</subfield>
         <subfield code="r">Kravchenko R. (Chernigov, Ukraina) --</subfield>
         <subfield code="t">O vizantiĭskikh istochnikakh si͡uzhetnykh izobrazheniĭ na drevnerusskikh chernevykh brasletakh /</subfield>
         <subfield code="r">Kornienko A. (Sankt-Peterburg, Rossii͡a) --</subfield>
      </datafield>
      <datafield tag="505" ind1="8" ind2=" ">
         <subfield code="t">Interpretat͡sionnye vozmozhnosti issledovanii͡a khimicheskogo sostava businnykh naborov ozhereliĭ Gochevskogo kurgannogo mogilʹnika (po materialam sovremennykh issledovaniĭ /</subfield>
         <subfield code="r">Li͡askovkskai͡a L. (Sankt-Peterburg, Rossii͡a) --</subfield>
         <subfield code="t">O tekhnika izgotovlenii͡a azhurnykh bulavok rannego zheleznogo veka /</subfield>
         <subfield code="r">Orlova N. (Sankt-Peterburg, Rossii͡a) --</subfield>
         <subfield code="t">Nakhodki ėlementov voinsksogo snari͡azhenii͡a v khode rabot Novgorod-Severskoĭ arkheologichekoĭ ėkspedit͡sii v 2011 g. /</subfield>
         <subfield code="r">Parkhomenko A. (Nezhin, Ukraina) --</subfield>
         <subfield code="t">Razrushennyĭ kurgannyĭ mogilʹnik Kleevichi po neopublikovannym materialam raskopok K.M. Polikartovicha /</subfield>
         <subfield code="r">Sakhareva M., Mikhaĭlova N. (Mogilëv, Belarusʹ, Br͡ansk, Rossii͡a) --</subfield>
         <subfield code="t">Antropomorfnye goroda-kreposti Voronezh /</subfield>
         <subfield code="r">I͡Ablokov A., Sokolova E. (Voronezh, Rossii͡a) --</subfield>
         <subfield code="t">Drevnerusskai͡a keramika s raskopok Novgorod-Severskogo detint͡sa 2012 goda /</subfield>
         <subfield code="r">I͡Ashchenko N. (Nezhin, Ukraina) --</subfield>
         <subfield code="t">Ėtnologii͡a.</subfield>
         <subfield code="t">Osobennosti Starodubskoĭ staroobri͡adchskoĭ ikonopisi /</subfield>
         <subfield code="r">Bulaeva I͡U. (Br͡ansk, Rossii͡a) --</subfield>
         <subfield code="t">Istoricheskai͡a pami͡atʹ o "kazachʹem proshlom" zhiteleĭ Surazhskogo raĭona Br͡anskoĭ oblasti /</subfield>
         <subfield code="r">Kazeko I, (Novozybkov, Rossii͡a) --</subfield>
         <subfield code="t">Usadebno-parkovye kompleksy XVIII - nachala XX veka na zapade Orlovskoĭ gubernii /</subfield>
         <subfield code="r">Mamrova I͡U. (Br͡ansk, Rossii͡a) --</subfield>
         <subfield code="t">Tradit͡sii domostroitelʹstva rossiĭsko-belorusskogo pogranichʹi͡a : sokhrannostʹ i preemstvennostʹ (na primere Surazhskogo i Kosti͡ukovichskogo raĭonov) /</subfield>
         <subfield code="r">Nesterenko L. (Novozybkov, Rossii͡a) --</subfield>
         <subfield code="t">Kraevedenie na territorii Belarusi v period rechi Pospolitoĭ /</subfield>
         <subfield code="r">Trofimchuk T. (Mogilëv, Belarusʹ) --</subfield>
         <subfield code="t">Tradit͡sii͡a zhizneoposanii͡a v pravoslavii i sektantstve v k. XVIII - per. chetv. XIX v. ("Zhitie" Serafima Sarovskogo i "Strady" Kondratii͡a Selivanova /</subfield>
         <subfield code="r">Shchurik V. (Novozybkov, Rossii͡a).</subfield>
      </datafield>
      <datafield tag="651" ind1=" " ind2="0">
         <subfield code="a">Siberia, Western (Russia)</subfield>
         <subfield code="x">Antiquities</subfield>
         <subfield code="v">Congresses.</subfield>
      </datafield>
      <datafield tag="650" ind1=" " ind2="0">
         <subfield code="a">Archaeology</subfield>
         <subfield code="z">Russia (Federation)</subfield>
         <subfield code="z">Siberia, Western</subfield>
         <subfield code="v">Congresses.</subfield>
      </datafield>
      <datafield tag="650" ind1=" " ind2="0">
         <subfield code="a">Ethnology</subfield>
         <subfield code="z">Russia (Federation)</subfield>
         <subfield code="z">Siberia, Western</subfield>
         <subfield code="v">Congresses.</subfield>
      </datafield>
      <datafield tag="651" ind1=" " ind2="0">
         <subfield code="a">Siberia, Western (Russia)</subfield>
         <subfield code="x">Civilization</subfield>
         <subfield code="v">Congresses.</subfield>
      </datafield>
      <datafield tag="700" ind1="1" ind2=" ">
         <subfield code="6">880-05</subfield>
         <subfield code="a">Guri͡anov, V. N.,</subfield>
         <subfield code="e">editor.</subfield>
      </datafield>
      <datafield tag="700" ind1="1" ind2=" ">
         <subfield code="6">880-06</subfield>
         <subfield code="a">Kedun, I.S.,</subfield>
         <subfield code="e">editor.</subfield>
      </datafield>
      <datafield tag="700" ind1="1" ind2=" ">
         <subfield code="6">880-07</subfield>
         <subfield code="a">Chubur, A. A.</subfield>
         <subfield code="q">(Artur Arturovich),</subfield>
         <subfield code="d">1966-</subfield>
         <subfield code="e">editor.</subfield>
      </datafield>
      <datafield tag="700" ind1="1" ind2=" ">
         <subfield code="6">880-08</subfield>
         <subfield code="a">Shinakov, E. A.</subfield>
         <subfield code="q">(Evgeniĭ Aleksandrovich)</subfield>
         <subfield code="e">editor.</subfield>
      </datafield>
      <datafield tag="700" ind1="1" ind2=" ">
         <subfield code="6">880-09</subfield>
         <subfield code="a">Shcheglova, O. A.,</subfield>
         <subfield code="e">editor.</subfield>
      </datafield>
      <datafield tag="710" ind1="2" ind2=" ">
         <subfield code="6">880-10</subfield>
         <subfield code="a">Bri͡anskiĭ gosudarstvennyĭ pedagogicheskiĭ institut imeni akademika I.G. Petrovskogo,</subfield>
         <subfield code="e">issuing body.</subfield>
      </datafield>
      <datafield tag="880" ind1="2" ind2=" ">
         <subfield code="6">111-01/</subfield>
         <subfield code="a">Международная студенческая археолого-этнологическая конференция</subfield>
         <subfield code="n">(29th :</subfield>
         <subfield code="d">2013 :</subfield>
         <subfield code="c">Брянск, Россия)</subfield>
      </datafield>
      <datafield tag="880" ind1="1" ind2="0">
         <subfield code="6">245-02/</subfield>
         <subfield code="a">Древности Средне-Западной Рoссии и сoпредельных территорий :</subfield>
         <subfield code="b">материалы XXIX международной студенческой археолого-этнологической конференции 22-25 мая 2013 гoдa /</subfield>
         <subfield code="c">[редколлегия: Гурьянов, В.Н., Кедун, И.С., Чубур, А.А., Шинаков, Е.А., Щеглова, О.А.]</subfield>
      </datafield>
      <datafield tag="880" ind1=" " ind2="1">
         <subfield code="6">264-03/</subfield>
         <subfield code="a">Брянск :</subfield>
         <subfield code="b">ГК "Десяточка",</subfield>
         <subfield code="c">2013.</subfield>
      </datafield>
      <datafield tag="880" ind1=" " ind2=" ">
         <subfield code="6">500-04/</subfield>
         <subfield code="a">At head of title : ФГБОУ ВПО Брянский государственный университет имени академика И.Г. Петровского (and 5 others).</subfield>
      </datafield>
      <datafield tag="880" ind1="1" ind2=" ">
         <subfield code="6">700-05/</subfield>
         <subfield code="a">Гурьянов, В.Н.,</subfield>
         <subfield code="e">editor.</subfield>
      </datafield>
      <datafield tag="880" ind1="1" ind2=" ">
         <subfield code="6">700-06/</subfield>
         <subfield code="a">Kедун, И.С.,</subfield>
         <subfield code="e">editor.</subfield>
      </datafield>
      <datafield tag="880" ind1="1" ind2=" ">
         <subfield code="6">700-07/</subfield>
         <subfield code="a">Чубур, А.А.</subfield>
         <subfield code="q">(Aртур Aртурович),</subfield>
         <subfield code="d">1966-</subfield>
         <subfield code="e">editor.</subfield>
      </datafield>
      <datafield tag="880" ind1="1" ind2=" ">
         <subfield code="6">700-08/</subfield>
         <subfield code="a">Шинаков, Е.А.,</subfield>
         <subfield code="q">(Eвгений Aлександрович)</subfield>
         <subfield code="e">editor.</subfield>
      </datafield>
      <datafield tag="880" ind1="1" ind2=" ">
         <subfield code="6">700-09/</subfield>
         <subfield code="a">Щеглова, О.А.,</subfield>
         <subfield code="e">editor.</subfield>
      </datafield>
      <datafield tag="880" ind1="2" ind2=" ">
         <subfield code="6">710-10/</subfield>
         <subfield code="a">Брянский государственный университет имени академика И.Г. Петровского,</subfield>
         <subfield code="e">issuing body.</subfield>
      </datafield>
      <datafield tag="994" ind1=" " ind2=" ">
         <subfield code="a">Z0</subfield>
         <subfield code="b">ZYU</subfield>
      </datafield>
      <datafield tag="OWN" ind1=" " ind2=" ">
         <subfield code="a">GENERAL</subfield>
      </datafield>
      <datafield tag="AVA" ind1=" " ind2=" ">
         <subfield code="a">NYU50</subfield>
         <subfield code="b">NISAW</subfield>
         <subfield code="c">Small Collection</subfield>
         <subfield code="d">DK771.W47 D748 2013</subfield>
         <subfield code="e">available</subfield>
         <subfield code="t">Available</subfield>
         <subfield code="f">1</subfield>
         <subfield code="g">0</subfield>
         <subfield code="h">N</subfield>
         <subfield code="i">0</subfield>
         <subfield code="j">SMALL</subfield>
         <subfield code="k">0</subfield>
      </datafield>
      <marc:datafield tag="852" ind1=" " ind2=" ">
         <marc:subfield code="b">Institute for the Study of the Ancient World, </marc:subfield>
         <marc:subfield code="c">Small Collection</marc:subfield>
         <marc:subfield code="e">15 East 84th St., </marc:subfield>
         <marc:subfield code="e">New York, NY  10028</marc:subfield>
      </marc:datafield>
   </record>