
  
  
  
  
  
 
  
  <record xsi:schemaLocation="http://www.loc.gov/MARC21/slim http://www.loc.gov/standards/marcxml/schema/MARC21slim.xsd">
      <leader>00000cam a2200553 i 4500</leader>
      <controlfield tag="FMT">BK</controlfield>
      <controlfield tag="LDR">00000cam a2200553 i 4500</controlfield>
      <controlfield tag="001">004227747</controlfield>
      <controlfield tag="003">OCoLC</controlfield>
      <controlfield tag="005">20160128114001.0</controlfield>
      <controlfield tag="008">160125s2013    ru       b    000 0 rus c</controlfield>
      <datafield tag="020" ind1=" " ind2=" ">
         <subfield code="a">9785421100836</subfield>
      </datafield>
      <datafield tag="020" ind1=" " ind2=" ">
         <subfield code="a">5421100839</subfield>
      </datafield>
      <datafield tag="035" ind1=" " ind2=" ">
         <subfield code="a">(OCoLC)852786289</subfield>
      </datafield>
      <datafield tag="040" ind1=" " ind2=" ">
         <subfield code="a">EVIEW</subfield>
         <subfield code="b">eng</subfield>
         <subfield code="e">rda</subfield>
         <subfield code="c">EVIEW</subfield>
         <subfield code="d">OSU</subfield>
         <subfield code="d">GZM</subfield>
         <subfield code="d">OCLCQ</subfield>
         <subfield code="d">CGU</subfield>
         <subfield code="d">OCLCO</subfield>
         <subfield code="d">OCLCF</subfield>
         <subfield code="d">NNU</subfield>
      </datafield>
      <datafield tag="043" ind1=" " ind2=" ">
         <subfield code="a">a-cc---</subfield>
         <subfield code="a">ac-----</subfield>
      </datafield>
      <datafield tag="050" ind1=" " ind2="4">
         <subfield code="a">DS740.5.A783</subfield>
         <subfield code="b">B37 2013</subfield>
      </datafield>
      <datafield tag="066" ind1=" " ind2=" ">
         <subfield code="c">(N</subfield>
      </datafield>
      <datafield tag="100" ind1="1" ind2=" ">
         <subfield code="6">880-01</subfield>
         <subfield code="a">Barinova, E. B.,</subfield>
         <subfield code="e">author.</subfield>
      </datafield>
      <datafield tag="245" ind1="1" ind2="0">
         <subfield code="6">880-02</subfield>
         <subfield code="a">Ėtnokulʹturnye kontakty Kitai͡a s narodami T͡Sentralʹnoĭ Azii v drevnosti i srednevekovʹe /</subfield>
         <subfield code="c">E.B. Barinova.</subfield>
      </datafield>
      <datafield tag="264" ind1=" " ind2="1">
         <subfield code="6">880-03</subfield>
         <subfield code="a">Moskva :</subfield>
         <subfield code="b">Rossiĭskai͡a akademii͡a nauk. Muzeĭ ėtnologii i antropologii im. N.N. Miklukho-Maklai͡a,</subfield>
         <subfield code="c">2013.</subfield>
      </datafield>
      <datafield tag="300" ind1=" " ind2=" ">
         <subfield code="a">419 pages ;</subfield>
         <subfield code="c">21 cm</subfield>
      </datafield>
      <datafield tag="336" ind1=" " ind2=" ">
         <subfield code="a">text</subfield>
         <subfield code="b">txt</subfield>
         <subfield code="2">rdacontent</subfield>
      </datafield>
      <datafield tag="337" ind1=" " ind2=" ">
         <subfield code="a">unmediated</subfield>
         <subfield code="b">n</subfield>
         <subfield code="2">rdamedia</subfield>
      </datafield>
      <datafield tag="338" ind1=" " ind2=" ">
         <subfield code="a">volume</subfield>
         <subfield code="b">nc</subfield>
         <subfield code="2">rdacarrier</subfield>
      </datafield>
      <datafield tag="500" ind1=" " ind2=" ">
         <subfield code="6">880-04</subfield>
         <subfield code="a">"Nauchnoe izdanie"--Colophon.</subfield>
      </datafield>
      <datafield tag="504" ind1=" " ind2=" ">
         <subfield code="a">Includes bibliographical references (pages 295-418).</subfield>
      </datafield>
      <datafield tag="651" ind1=" " ind2="0">
         <subfield code="a">China</subfield>
         <subfield code="x">Relations</subfield>
         <subfield code="z">Asia, Central.</subfield>
      </datafield>
      <datafield tag="651" ind1=" " ind2="0">
         <subfield code="a">Asia, Central</subfield>
         <subfield code="x">Relations</subfield>
         <subfield code="z">China.</subfield>
      </datafield>
      <datafield tag="651" ind1=" " ind2="0">
         <subfield code="a">Asia, Central</subfield>
         <subfield code="x">Civilization</subfield>
         <subfield code="x">Chinese influences.</subfield>
      </datafield>
      <datafield tag="651" ind1=" " ind2="0">
         <subfield code="a">China</subfield>
         <subfield code="x">Civilization</subfield>
         <subfield code="y">221 B.C.-960 A.D.</subfield>
      </datafield>
      <datafield tag="651" ind1=" " ind2="0">
         <subfield code="a">China</subfield>
         <subfield code="x">Civilization</subfield>
         <subfield code="y">960-1644.</subfield>
      </datafield>
      <datafield tag="651" ind1=" " ind2="0">
         <subfield code="a">Asia, Central</subfield>
         <subfield code="x">History</subfield>
         <subfield code="y">To 1500.</subfield>
      </datafield>
      <datafield tag="710" ind1="2" ind2=" ">
         <subfield code="6">880-05</subfield>
         <subfield code="a">Muzeĭ ėtnologii i antropologii im. N.N. Miklukho-Maklai͡a,</subfield>
         <subfield code="e">issuing body.</subfield>
      </datafield>
      <datafield tag="880" ind1="1" ind2=" ">
         <subfield code="6">100-01/</subfield>
         <subfield code="a">Баринова, Е. Б,</subfield>
         <subfield code="e">author.</subfield>
      </datafield>
      <datafield tag="880" ind1="1" ind2="0">
         <subfield code="6">245-02/</subfield>
         <subfield code="a">Этнокультурные контакты Китая с народами Центральной Азии в древности и средневековье /</subfield>
         <subfield code="c">Е.Б. Баринова.</subfield>
      </datafield>
      <datafield tag="880" ind1=" " ind2="1">
         <subfield code="6">264-03/</subfield>
         <subfield code="a">Москва :</subfield>
         <subfield code="b">Российская академия наук. Музей этнологии и антропологии им. Н.Н. Миклухо-Маклая,</subfield>
         <subfield code="c">2013.</subfield>
      </datafield>
      <datafield tag="880" ind1=" " ind2=" ">
         <subfield code="6">500-04/</subfield>
         <subfield code="a">"Научное издание"--Colophon.</subfield>
      </datafield>
      <datafield tag="880" ind1="2" ind2=" ">
         <subfield code="6">710-05/</subfield>
         <subfield code="a">Музей этнологии и антропологии им. Н.Н. Миклухо-Маклая,</subfield>
         <subfield code="e">issuing body.</subfield>
      </datafield>
      <datafield tag="994" ind1=" " ind2=" ">
         <subfield code="a">Z0</subfield>
         <subfield code="b">ZYU</subfield>
      </datafield>
      <datafield tag="OWN" ind1=" " ind2=" ">
         <subfield code="a">GENERAL</subfield>
      </datafield>
      <datafield tag="AVA" ind1=" " ind2=" ">
         <subfield code="a">NYU50</subfield>
         <subfield code="b">NISAW</subfield>
         <subfield code="c">Small Collection</subfield>
         <subfield code="d">DS740.5.A783 B37 2013</subfield>
         <subfield code="e">available</subfield>
         <subfield code="t">Available</subfield>
         <subfield code="f">1</subfield>
         <subfield code="g">0</subfield>
         <subfield code="h">N</subfield>
         <subfield code="i">0</subfield>
         <subfield code="j">SMALL</subfield>
         <subfield code="k">0</subfield>
      </datafield>
      <marc:datafield tag="852" ind1=" " ind2=" ">
         <marc:subfield code="b">Institute for the Study of the Ancient World, </marc:subfield>
         <marc:subfield code="c">Small Collection</marc:subfield>
         <marc:subfield code="e">15 East 84th St., </marc:subfield>
         <marc:subfield code="e">New York, NY  10028</marc:subfield>
      </marc:datafield>
   </record>