
  
  
  
  
  
 
  
  <record xsi:schemaLocation="http://www.loc.gov/MARC21/slim http://www.loc.gov/standards/marcxml/schema/MARC21slim.xsd">
      <leader>00000cam a2200385 i 4500</leader>
      <controlfield tag="FMT">BK</controlfield>
      <controlfield tag="LDR">00000cam a2200385 i 4500</controlfield>
      <controlfield tag="001">004227769</controlfield>
      <controlfield tag="003">OCoLC</controlfield>
      <controlfield tag="005">20160125144821.0</controlfield>
      <controlfield tag="008">160125s2015    nyua     b    010 0 eng d</controlfield>
      <datafield tag="020" ind1=" " ind2=" ">
         <subfield code="a">9780897223386</subfield>
      </datafield>
      <datafield tag="020" ind1=" " ind2=" ">
         <subfield code="a">0897223381</subfield>
      </datafield>
      <datafield tag="035" ind1=" " ind2=" ">
         <subfield code="a">(OCoLC)932762509</subfield>
      </datafield>
      <datafield tag="040" ind1=" " ind2=" ">
         <subfield code="a">NOC</subfield>
         <subfield code="b">eng</subfield>
         <subfield code="e">rda</subfield>
         <subfield code="c">NOC</subfield>
         <subfield code="d">NOC</subfield>
         <subfield code="d">OCLCF</subfield>
         <subfield code="d">NNU</subfield>
      </datafield>
      <datafield tag="041" ind1="0" ind2=" ">
         <subfield code="a">eng</subfield>
         <subfield code="a">fre</subfield>
         <subfield code="a">ger</subfield>
      </datafield>
      <datafield tag="043" ind1=" " ind2=" ">
         <subfield code="a">e-gr---</subfield>
      </datafield>
      <datafield tag="050" ind1=" " ind2="4">
         <subfield code="a">CJ335</subfield>
         <subfield code="b">.K264 2015</subfield>
      </datafield>
      <datafield tag="066" ind1=" " ind2=" ">
         <subfield code="c">(S</subfield>
      </datafield>
      <datafield tag="245" ind1="0" ind2="0">
         <subfield code="6">880-01</subfield>
         <subfield code="a">Kairos :</subfield>
         <subfield code="b">contributions to numismatics in honor of Basil Demetriadi /</subfield>
         <subfield code="c">edited by Ute Wartenberg and Michel Amandry.</subfield>
      </datafield>
      <datafield tag="264" ind1=" " ind2="1">
         <subfield code="a">New York :</subfield>
         <subfield code="b">The American Numismatic Society,</subfield>
         <subfield code="c">2015.</subfield>
      </datafield>
      <datafield tag="300" ind1=" " ind2=" ">
         <subfield code="a">13 unnumbered pages, 368 pages :</subfield>
         <subfield code="b">illustrations ;</subfield>
         <subfield code="c">29 cm +</subfield>
         <subfield code="e">pamphlet (7 pages : illustrations, 28 cm)</subfield>
      </datafield>
      <datafield tag="336" ind1=" " ind2=" ">
         <subfield code="a">text</subfield>
         <subfield code="b">txt</subfield>
         <subfield code="2">rdacontent</subfield>
      </datafield>
      <datafield tag="337" ind1=" " ind2=" ">
         <subfield code="a">unmediated</subfield>
         <subfield code="b">n</subfield>
         <subfield code="2">rdamedia</subfield>
      </datafield>
      <datafield tag="338" ind1=" " ind2=" ">
         <subfield code="a">volume</subfield>
         <subfield code="b">nc</subfield>
         <subfield code="2">rdacarrier</subfield>
      </datafield>
      <datafield tag="504" ind1=" " ind2=" ">
         <subfield code="a">Includes bibliographical references.</subfield>
      </datafield>
      <datafield tag="505" ind1="0" ind2="0">
         <subfield code="t">Basil C. Demetriadi /</subfield>
         <subfield code="r">Patricia Felch --</subfield>
         <subfield code="t">Die Hemidrachmen-Prägung von Gyrton /</subfield>
         <subfield code="r">Friedrich Burrer --</subfield>
         <subfield code="t">A Long-Term View (15th-18th Centuries) on Prices Paid to Acquire Ancient Coins /</subfield>
         <subfield code="r">François de Callataÿ --</subfield>
         <subfield code="t">Die Eule der Athena /</subfield>
         <subfield code="r">Wolfgang Fischer-Bossert --</subfield>
         <subfield code="t">The Coinage of Orthe /</subfield>
         <subfield code="r">Evangelia Georgiou --</subfield>
         <subfield code="t">Maximilian John Borrell (c. 1802-1870) : Dealer, Collector, and Forgotten Scholar and the Making of the Historia Numorum /</subfield>
         <subfield code="r">Jonathan Kagan --</subfield>
         <subfield code="t">Le monnayage d'époque sévérienne frappé à Aigosthènes en Mégaride /</subfield>
         <subfield code="r">Sophia Kremydi and Michel Amandry --</subfield>
         <subfield code="t">Small Bronze Tokens from the Athenian Agora: Symbola or Kollyboi? /</subfield>
         <subfield code="r">John H. Kroll --</subfield>
         <subfield code="t">The Beginning of the Late Facing Head Drachm Coinage of Larissa /</subfield>
         <subfield code="r">Catharine C. Lorber --</subfield>
         <subfield code="t">Bendis and the Wolf: An Unpublished Numismatic Type from Thessalian Phaloria /</subfield>
         <subfield code="r">Aliki Moustaka --</subfield>
         <subfield code="t">Corpus et classement des émissions: les bronzes hellénistiques de Thasos /</subfield>
         <subfield code="r">Olivier Picard --</subfield>
         <subfield code="t">Did the So-called Thraco-Macedonian Standard Exist? /</subfield>
         <subfield code="r">Selene E. Psoma --</subfield>
         <subfield code="t">Une rare série de Cos sans portrait imperial du IIIème siècle /</subfield>
         <subfield code="r">Pierre Requier --</subfield>
         <subfield code="t">The Emergency Coinage of Timotheus (364-362 B.C.) /</subfield>
         <subfield code="r">Kenneth A. Sheedy --</subfield>
         <subfield code="t">New Varieties of the Eleusinian Triptolemos/Piglet Coinage from the BCD Collection /</subfield>
         <subfield code="r">Derek R. Smith --</subfield>
         <subfield code="t">Corpus des monnaies aux dauphins attribuées à Potidaion/Poseidion de Carpathos /</subfield>
         <subfield code="r">Vassiliki E. Stefanaki --</subfield>
         <subfield code="t">The Chalkid(ik)ian Beginnings of Euboian Coinage /</subfield>
         <subfield code="r">Peter G. van Alfen --</subfield>
         <subfield code="t">Ein Stempelschneider auf Reisen : die Antinoosmedaillons des Hostilios Markellos und Hadrians Reise im Jahr 131/2 n. Chr. /</subfield>
         <subfield code="r">Hans-Christoph von Mosch and Laura-Antonia Klostermeyer --</subfield>
         <subfield code="t">Prospectus for Palaimon /</subfield>
         <subfield code="r">Mary E. Hoskins Walbank --</subfield>
         <subfield code="t">Thraco-Macedonian Bullion Coinage in the Fifth Century B.C.: The Case of Ichnai /</subfield>
         <subfield code="r">Ute Wartenberg --</subfield>
         <subfield code="t">The Persic Distaters of Nikokles Revisited /</subfield>
         <subfield code="r">Arnold-Peter C. Weiss.</subfield>
      </datafield>
      <datafield tag="505" ind1="8" ind2="0">
         <subfield code="g">[Supplement.]</subfield>
         <subfield code="t">BCD Coins in the Alpha Bank Numismatic Collection /</subfield>
         <subfield code="r">Dimitra Tsangari.</subfield>
      </datafield>
      <datafield tag="546" ind1=" " ind2=" ">
         <subfield code="a">Contributions in English, French, or German.</subfield>
      </datafield>
      <datafield tag="650" ind1=" " ind2="0">
         <subfield code="a">Coins, Greek.</subfield>
      </datafield>
      <datafield tag="650" ind1=" " ind2="0">
         <subfield code="a">Numismatics, Greek.</subfield>
      </datafield>
      <datafield tag="650" ind1=" " ind2="0">
         <subfield code="a">Coins, Roman.</subfield>
      </datafield>
      <datafield tag="650" ind1=" " ind2="7">
         <subfield code="a">Coins, Greek.</subfield>
         <subfield code="2">fast</subfield>
         <subfield code="0">(OCoLC)fst00866765</subfield>
      </datafield>
      <datafield tag="650" ind1=" " ind2="7">
         <subfield code="a">Coins, Roman.</subfield>
         <subfield code="2">fast</subfield>
         <subfield code="0">(OCoLC)fst00866847</subfield>
      </datafield>
      <datafield tag="650" ind1=" " ind2="7">
         <subfield code="a">Numismatics, Greek.</subfield>
         <subfield code="2">fast</subfield>
         <subfield code="0">(OCoLC)fst01041356</subfield>
      </datafield>
      <datafield tag="700" ind1="1" ind2=" ">
         <subfield code="a">Demetriadi, Basil,</subfield>
         <subfield code="d">1940-</subfield>
         <subfield code="e">honoree.</subfield>
      </datafield>
      <datafield tag="700" ind1="1" ind2=" ">
         <subfield code="a">Amandry, Michel,</subfield>
         <subfield code="e">editor.</subfield>
      </datafield>
      <datafield tag="700" ind1="1" ind2=" ">
         <subfield code="a">Wartenberg, Ute,</subfield>
         <subfield code="e">editor.</subfield>
      </datafield>
      <datafield tag="880" ind1="0" ind2="0">
         <subfield code="6">245-01/</subfield>
         <subfield code="a">καιρος :</subfield>
         <subfield code="b">contributions to numismatics in honor of Basil Demetriadi /</subfield>
         <subfield code="c">edited by Ute Wartenberg and Michel Amandry.</subfield>
      </datafield>
      <datafield tag="994" ind1=" " ind2=" ">
         <subfield code="a">Z0</subfield>
         <subfield code="b">ZYU</subfield>
      </datafield>
      <datafield tag="OWN" ind1=" " ind2=" ">
         <subfield code="a">GENERAL</subfield>
      </datafield>
      <datafield tag="AVA" ind1=" " ind2=" ">
         <subfield code="a">NYU50</subfield>
         <subfield code="b">NISAW</subfield>
         <subfield code="c">Large Collection</subfield>
         <subfield code="d">CJ335 .K264 2015</subfield>
         <subfield code="e">available</subfield>
         <subfield code="t">Available</subfield>
         <subfield code="f">1</subfield>
         <subfield code="g">0</subfield>
         <subfield code="h">N</subfield>
         <subfield code="i">0</subfield>
         <subfield code="j">LARGE</subfield>
         <subfield code="k">0</subfield>
      </datafield>
      <marc:datafield tag="852" ind1=" " ind2=" ">
         <marc:subfield code="b">Institute for the Study of the Ancient World, </marc:subfield>
         <marc:subfield code="c">Large Collection</marc:subfield>
         <marc:subfield code="e">15 East 84th St., </marc:subfield>
         <marc:subfield code="e">New York, NY  10028</marc:subfield>
      </marc:datafield>
   </record>