
  
  
  
  
  
 
  
  <record xsi:schemaLocation="http://www.loc.gov/MARC21/slim http://www.loc.gov/standards/marcxml/schema/MARC21slim.xsd">
      <leader>00000cam a2200745 a 4500</leader>
      <controlfield tag="FMT">BK</controlfield>
      <controlfield tag="LDR">00000cam a2200745 a 4500</controlfield>
      <controlfield tag="001">001751784</controlfield>
      <controlfield tag="003">OCoLC</controlfield>
      <controlfield tag="005">20160129154713.0</controlfield>
      <controlfield tag="008">970113s1996    ne acf   b    011 0 eng c</controlfield>
      <datafield tag="020" ind1=" " ind2=" ">
         <subfield code="a">9050631274</subfield>
      </datafield>
      <datafield tag="020" ind1=" " ind2=" ">
         <subfield code="a">9789050631273</subfield>
      </datafield>
      <datafield tag="035" ind1=" " ind2=" ">
         <subfield code="a">(OCoLC)36195523</subfield>
         <subfield code="z">(OCoLC)698320775</subfield>
      </datafield>
      <datafield tag="040" ind1=" " ind2=" ">
         <subfield code="a">NDD</subfield>
         <subfield code="b">eng</subfield>
         <subfield code="c">NDD</subfield>
         <subfield code="d">CUY</subfield>
         <subfield code="d">LRU</subfield>
         <subfield code="d">OCLCQ</subfield>
         <subfield code="d">LVB</subfield>
         <subfield code="d">UX0</subfield>
         <subfield code="d">UBY</subfield>
         <subfield code="d">BTCTA</subfield>
         <subfield code="d">OCLCF</subfield>
         <subfield code="d">OCLCQ</subfield>
         <subfield code="d">OCLCO</subfield>
         <subfield code="d">NNU</subfield>
      </datafield>
      <datafield tag="041" ind1="1" ind2=" ">
         <subfield code="a">eng</subfield>
         <subfield code="a">ger</subfield>
         <subfield code="a">grc</subfield>
         <subfield code="a">cop</subfield>
         <subfield code="h">grc</subfield>
         <subfield code="h">cop</subfield>
      </datafield>
      <datafield tag="042" ind1=" " ind2=" ">
         <subfield code="a">pcc</subfield>
      </datafield>
      <datafield tag="043" ind1=" " ind2=" ">
         <subfield code="a">f-ua---</subfield>
         <subfield code="a">n-us-mi</subfield>
      </datafield>
      <datafield tag="050" ind1=" " ind2="4">
         <subfield code="a">PA3305</subfield>
         <subfield code="b">.M5 vol. 18</subfield>
      </datafield>
      <datafield tag="082" ind1="0" ind2="4">
         <subfield code="a">480.8</subfield>
         <subfield code="b">S933U, v. 36</subfield>
      </datafield>
      <datafield tag="245" ind1="0" ind2="0">
         <subfield code="a">P. Michigan Koenen :</subfield>
         <subfield code="b">Michigan texts published in honor of Ludwig Koenen /</subfield>
         <subfield code="c">edited by Cornelia E. Römer &amp; Traianos Gagos ; consulting editors, Ann E. Hanson &amp; Pieter J. Sijpesteijn.</subfield>
      </datafield>
      <datafield tag="260" ind1=" " ind2=" ">
         <subfield code="a">Amsterdam :</subfield>
         <subfield code="b">J.C. Gieben,</subfield>
         <subfield code="c">1996.</subfield>
      </datafield>
      <datafield tag="300" ind1=" " ind2=" ">
         <subfield code="a">xxxiv, 416 pages, xlv pages of plates :</subfield>
         <subfield code="b">illustrations, portrait ;</subfield>
         <subfield code="c">29 cm.</subfield>
      </datafield>
      <datafield tag="336" ind1=" " ind2=" ">
         <subfield code="a">text</subfield>
         <subfield code="b">txt</subfield>
         <subfield code="2">rdacontent</subfield>
      </datafield>
      <datafield tag="337" ind1=" " ind2=" ">
         <subfield code="a">unmediated</subfield>
         <subfield code="b">n</subfield>
         <subfield code="2">rdamedia</subfield>
      </datafield>
      <datafield tag="338" ind1=" " ind2=" ">
         <subfield code="a">volume</subfield>
         <subfield code="b">nc</subfield>
         <subfield code="2">rdacarrier</subfield>
      </datafield>
      <datafield tag="490" ind1="1" ind2=" ">
         <subfield code="a">Studia Amstelodamensia ad epigraphicam, ius antiquum et papyrologicam pertinentia ;</subfield>
         <subfield code="v">36</subfield>
      </datafield>
      <datafield tag="490" ind1="1" ind2=" ">
         <subfield code="a">P. Mich. ;</subfield>
         <subfield code="v">18</subfield>
      </datafield>
      <datafield tag="546" ind1=" " ind2=" ">
         <subfield code="a">English, German, Greek, and Coptic.</subfield>
      </datafield>
      <datafield tag="500" ind1=" " ind2=" ">
         <subfield code="a">Includes editions of P. Mich. 759-798.</subfield>
      </datafield>
      <datafield tag="504" ind1=" " ind2=" ">
         <subfield code="a">"Bibliography of Ludwig Koenen": pages xxi-xxix.</subfield>
      </datafield>
      <datafield tag="504" ind1=" " ind2=" ">
         <subfield code="a">Includes bibliographical references and indexes.</subfield>
      </datafield>
      <datafield tag="505" ind1="0" ind2="0">
         <subfield code="g">I.</subfield>
         <subfield code="t">Greek literary and subliterary papyri.</subfield>
         <subfield code="g">759.</subfield>
         <subfield code="t">Homer Iliad VII 1-13 (P.Mich. inv. 4768), I-II A.D., Karanis /</subfield>
         <subfield code="r">G.W. Most --</subfield>
         <subfield code="g">760.</subfield>
         <subfield code="t">Geography: the Aeolian islands, Sicily, and myth (P.Mich. inv. 1591), late I-II A.D. /</subfield>
         <subfield code="r">T. Renner --</subfield>
         <subfield code="g">761.</subfield>
         <subfield code="t">Alexander an sene Mutter Olympias (P.Mich. inv. 6021), I/II A.D., Karanis /</subfield>
         <subfield code="r">R. Merkelbach, C.E. Römer --</subfield>
         <subfield code="g">762.</subfield>
         <subfield code="t">Mythologischer Text (A) und Aufzählung von Körperteilen (B) (P.Mich. inv. 6312), II and III A.D. /</subfield>
         <subfield code="r">M. Gronewald --</subfield>
         <subfield code="g">763.</subfield>
         <subfield code="t">Gemeindebrief, Predigt oder Homilie (P.Mich. inv. 6846), II/III A.D. /</subfield>
         <subfield code="r">A. Geissen --</subfield>
         <subfield code="g">764.</subfield>
         <subfield code="t">Gemeindebrief, Predigt oder Homilie über den Menscehn im Angesicht des Jüngsten Gerichts (P.Mich. inv. 3689), II/III A.D. /</subfield>
         <subfield code="r">C.E. Römer --</subfield>
         <subfield code="g">765.</subfield>
         <subfield code="t">Aisop-Fabeln (und Aisop-Geschichten?) (P.Mich. inv. 5771), III A.D., Karanis /</subfield>
         <subfield code="r">W. Luppe --</subfield>
         <subfield code="g">766.</subfield>
         <subfield code="t">Medical prognostics (P.Mich. inv. 6041), III-IV A.D., Karanis /</subfield>
         <subfield code="r">S. Prince --</subfield>
         <subfield code="g">767.</subfield>
         <subfield code="t">An original document from the Arian controversy? (P.Mich. inv. 423b), IV A.D. /</subfield>
         <subfield code="r">P. van Minnen --</subfield>
         <subfield code="g">768.</subfield>
         <subfield code="t">Fever amulet (P.Mich. inv. 5302), IV A.D., Karanis /</subfield>
         <subfield code="r">W. Brashear.</subfield>
         <subfield code="g">II.</subfield>
         <subfield code="t">Greek documentary papyri.</subfield>
         <subfield code="g">769-81.</subfield>
         <subfield code="t">Overview : papyri recovered from cartonnage --</subfield>
         <subfield code="g">769.</subfield>
         <subfield code="t">Official order to a genêmatophylax (P.Mich. inv. 6955), 16 December 200 B.C. ?, Arsinoite /</subfield>
         <subfield code="r">C.S. MacKay --</subfield>
         <subfield code="g">770.</subfield>
         <subfield code="t">Official letter of introduction (P.Mich. 6959), 17 April 197 B.C. ?, Arsinoite /</subfield>
         <subfield code="r">C.S. MacKay --</subfield>
         <subfield code="g">771-74.</subfield>
         <subfield code="t">Four Ptolemaic papyri illustrating a dispute among tax farmers.</subfield>
         <subfield code="g">771.</subfield>
         <subfield code="t">Tax farming contract (P.Mich. inv. 6953), 29 October 195 B.C., Arsinoite /</subfield>
         <subfield code="r">Tracy Caulfield, A.M. Keith, L. Pratt --</subfield>
         <subfield code="g">772.</subfield>
         <subfield code="t">Receipt (P.Mich. inv. 6971), ca. 195/94 B.C., Arsinoite /</subfield>
         <subfield code="r">K.O. Lord --</subfield>
         <subfield code="g">773.</subfield>
         <subfield code="t">Complaint (P.Mich. inv. 6960), ca. 194 B.C., Oxyrhyncha/Krokodilopolis /</subfield>
         <subfield code="r">A.M. Keith --</subfield>
         <subfield code="g">774.</subfield>
         <subfield code="t">Complant (P.Mich. inv. 6952), ca. 194/93 B.C., Oxyrhyncha /</subfield>
         <subfield code="r">L. Pratt --</subfield>
      </datafield>
      <datafield tag="505" ind1="8" ind2="0">
         <subfield code="g">775.</subfield>
         <subfield code="t">List of payments (P.Mich. inv. 6967), 200-190 B.C., Arsinoite /</subfield>
         <subfield code="r">K.O. Lord --</subfield>
         <subfield code="g">776.</subfield>
         <subfield code="t">Report of violence (P.Mich. inv. 6954 front), 22 June 194 B.C., Mouchis /</subfield>
         <subfield code="r">A. Loftus, G. Schwendner --</subfield>
         <subfield code="g">777.</subfield>
         <subfield code="t">Bid to sell beer at Mouchis (P.Mich. inv. 6954 back), 193 B.C., Mouchis /</subfield>
         <subfield code="r">A. Loftus, G. Schwendner --</subfield>
         <subfield code="g">778.</subfield>
         <subfield code="t">Petition to the Dioiketes (P.Mich. inv. 6948 front), 193/92 B.C., Mouchis /</subfield>
         <subfield code="r">A. Loftus, G. Schwendner --</subfield>
         <subfield code="g">779.</subfield>
         <subfield code="t">Petition to the Sub-Dioiketes (P.Mich. inv. 6948 back), 192 B.C., Mouchis /</subfield>
         <subfield code="r">A. Loftus, G. Schwendner --</subfield>
         <subfield code="g">780.</subfield>
         <subfield code="t">Official notice of non-payment (P.Mich. inv. 6963 front), 205-204 B.C., Mouchis /</subfield>
         <subfield code="r">A. Loftus, G. Schwendner --</subfield>
         <subfield code="g">781.</subfield>
         <subfield code="t">A list of Ptolemaic cleruchs (P.Mich. inv. 7027), 186/185 B.C., Herakleides meris /</subfield>
         <subfield code="r">J. Dillery --</subfield>
         <subfield code="g">782.</subfield>
         <subfield code="t">Kleinviehdeklaration (P.Mich. inv. 3685r), first half of I A.D., Arsinoites (?) /</subfield>
         <subfield code="r">B. Kramer --</subfield>
         <subfield code="g">783.</subfield>
         <subfield code="t">Quittung für die Bezahlung von Bier (P.Mich. inv. 3514r), first half of I A.D., Theadelpheia /</subfield>
         <subfield code="r">B. Kramer --</subfield>
         <subfield code="g">784.</subfield>
         <subfield code="t">Parachôrêsis von Katökenland (P.Mich. inv. 68), 4 March 18 A.D., Oxyrhynchos /</subfield>
         <subfield code="r">R. Hübner --</subfield>
         <subfield code="g">785.</subfield>
         <subfield code="t">Two copies of a donatio mortis causa (P.Mich. inv. 2899 and 2987), 47 A.D., or 61 A.D., Karanis /</subfield>
         <subfield code="r">P.J. Sijepesteijn --</subfield>
         <subfield code="g">786.</subfield>
         <subfield code="t">Bericht über Getreidekontostände bei der Sitologie von Tanais (P.Mich. inv. 200r), 167/68-182 A.D. /</subfield>
         <subfield code="r">D. and U. Hagedorn --</subfield>
         <subfield code="g">787.</subfield>
         <subfield code="t">Entwurf zu einer Eingabe (Neuedition von P.Mich. IX 616; P.Mich. inv. 200v), Between 28 December 181 and 29 August 183 A.D., Oxyrhynchos /</subfield>
         <subfield code="r">D. and U. Hagedorn --</subfield>
         <subfield code="g">788.</subfield>
         <subfield code="t">Pacht von sieben Aruren eines Kamelstalles (P.Mich. inv. 170), 173 A.D., Oxyrhynchos /</subfield>
         <subfield code="r">K. Maresch --</subfield>
         <subfield code="g">789.</subfield>
         <subfield code="t">Agreement concerning inheritance (P.Mich. inv. 274), after 190 A.D., Oxyrhynchos /</subfield>
         <subfield code="r">R. Daniel --</subfield>
         <subfield code="g">790.</subfield>
         <subfield code="t">Letter to Peteuris (P.Mich. inv. 342), II-III A.D. /</subfield>
         <subfield code="r">D. Martinez --</subfield>
         <subfield code="g">791.</subfield>
         <subfield code="t">Application for a lease (P.Mich. inv. 1014), 212/13 A.D., Philadelphia /</subfield>
         <subfield code="r">B.H. Kraut --</subfield>
      </datafield>
      <datafield tag="505" ind1="8" ind2="0">
         <subfield code="g">792.</subfield>
         <subfield code="t">Receit for advances occasioned by the lease of vineyard properties (P.Mich. inv. 258), 29 October 221 A.D., Oxyrhynchos /</subfield>
         <subfield code="r">V. McCarren --</subfield>
         <subfield code="g">793.</subfield>
         <subfield code="t">Petition (P.Mich. inv. 1681), 5 May 381 A.D. /</subfield>
         <subfield code="r">R.S. Bagnall --</subfield>
         <subfield code="g">794.</subfield>
         <subfield code="t">Requests for wreaths from the governor of Arcadia (P.Mich. inv. 458), V A.D., Herakleopolis /</subfield>
         <subfield code="r">A.H. Hanson --</subfield>
         <subfield code="g">795.</subfield>
         <subfield code="t">Oil for Pelousion (P.Mich. inv. 1936), V-VI A.D., Pelousion /</subfield>
         <subfield code="r">T. Gagos, B. Burns, C. MacKay.</subfield>
         <subfield code="g">III.</subfield>
         <subfield code="t">Coptic literary papyri.</subfield>
         <subfield code="g">796.</subfield>
         <subfield code="t">Ein Agathonicus-Fragment (P.Mich. inv. 6868Add), VI/VII A.D. /</subfield>
         <subfield code="r">H.M. Schenke --</subfield>
         <subfield code="g">797.</subfield>
         <subfield code="t">Fragment of a Sahidic Coptic homily on repentence (P.Mich. inv. 4932e), X-XI A.D. /</subfield>
         <subfield code="r">G.M. Browne --</subfield>
         <subfield code="g">798.</subfield>
         <subfield code="t">The Coptic story of Theodosius and Dionysius (P.Mich. inv. 4937), IX-X A.D. /</subfield>
         <subfield code="r">T. Wilfong.</subfield>
      </datafield>
      <datafield tag="650" ind1=" " ind2="0">
         <subfield code="a">Manuscripts, Greek (Papyri)</subfield>
         <subfield code="z">Michigan.</subfield>
      </datafield>
      <datafield tag="650" ind1=" " ind2="0">
         <subfield code="a">Coptic manuscripts (Papyri)</subfield>
         <subfield code="z">Michigan.</subfield>
      </datafield>
      <datafield tag="651" ind1=" " ind2="0">
         <subfield code="a">Egypt</subfield>
         <subfield code="x">History</subfield>
         <subfield code="y">Greco-Roman period, 332 B.C.-640 A.D.</subfield>
         <subfield code="v">Sources.</subfield>
      </datafield>
      <datafield tag="650" ind1=" " ind2="0">
         <subfield code="a">Greek literature</subfield>
         <subfield code="x">Manuscripts.</subfield>
      </datafield>
      <datafield tag="650" ind1=" " ind2="7">
         <subfield code="a">Coptic manuscripts (Papyri)</subfield>
         <subfield code="2">fast</subfield>
         <subfield code="0">(OCoLC)fst01735635</subfield>
      </datafield>
      <datafield tag="650" ind1=" " ind2="7">
         <subfield code="a">Greek literature.</subfield>
         <subfield code="2">fast</subfield>
         <subfield code="0">(OCoLC)fst00947441</subfield>
      </datafield>
      <datafield tag="650" ind1=" " ind2="7">
         <subfield code="a">Manuscripts, Greek (Papyri)</subfield>
         <subfield code="2">fast</subfield>
         <subfield code="0">(OCoLC)fst01008356</subfield>
      </datafield>
      <datafield tag="651" ind1=" " ind2="7">
         <subfield code="a">Egypt.</subfield>
         <subfield code="2">fast</subfield>
         <subfield code="0">(OCoLC)fst01208755</subfield>
      </datafield>
      <datafield tag="651" ind1=" " ind2="7">
         <subfield code="a">Michigan.</subfield>
         <subfield code="2">fast</subfield>
         <subfield code="0">(OCoLC)fst01208387</subfield>
      </datafield>
      <datafield tag="648" ind1=" " ind2="7">
         <subfield code="a">332 B.C. - 640 A.D.</subfield>
         <subfield code="2">fast</subfield>
      </datafield>
      <datafield tag="655" ind1=" " ind2="7">
         <subfield code="a">History.</subfield>
         <subfield code="2">fast</subfield>
         <subfield code="0">(OCoLC)fst01411628</subfield>
      </datafield>
      <datafield tag="655" ind1=" " ind2="7">
         <subfield code="a">Manuscripts.</subfield>
         <subfield code="2">fast</subfield>
         <subfield code="0">(OCoLC)fst01424060</subfield>
      </datafield>
      <datafield tag="655" ind1=" " ind2="7">
         <subfield code="a">Sources.</subfield>
         <subfield code="2">fast</subfield>
         <subfield code="0">(OCoLC)fst01423900</subfield>
      </datafield>
      <datafield tag="700" ind1="1" ind2=" ">
         <subfield code="a">Römer, Cornelia.</subfield>
      </datafield>
      <datafield tag="700" ind1="1" ind2=" ">
         <subfield code="a">Gagos, Traianos.</subfield>
      </datafield>
      <datafield tag="700" ind1="1" ind2=" ">
         <subfield code="a">Koenen, Ludwig,</subfield>
         <subfield code="e">honoree.</subfield>
      </datafield>
      <datafield tag="700" ind1="1" ind2=" ">
         <subfield code="a">Bagnall, Roger S.,</subfield>
         <subfield code="e">contributor.</subfield>
      </datafield>
      <datafield tag="700" ind1="1" ind2=" ">
         <subfield code="a">Hanson, Ann Ellis.</subfield>
      </datafield>
      <datafield tag="700" ind1="1" ind2=" ">
         <subfield code="a">Sijpesteijn, P. J.</subfield>
      </datafield>
      <datafield tag="710" ind1="2" ind2=" ">
         <subfield code="a">University of Michigan.</subfield>
         <subfield code="b">Library.</subfield>
         <subfield code="k">Manuscript.</subfield>
         <subfield code="n">P. Mich. 759-798.</subfield>
      </datafield>
      <datafield tag="776" ind1="0" ind2="8">
         <subfield code="i">Online version:</subfield>
         <subfield code="t">P. Michigan Koenen.</subfield>
         <subfield code="d">Amsterdam : J.C. Gieben, 1996</subfield>
         <subfield code="w">(OCoLC)605558808</subfield>
      </datafield>
      <datafield tag="830" ind1=" " ind2="0">
         <subfield code="a">Studia Amstelodamensia ad epigraphicam, ius antiquum et papyrologicam pertinentia ;</subfield>
         <subfield code="v">36.</subfield>
      </datafield>
      <datafield tag="830" ind1=" " ind2="0">
         <subfield code="a">Michigan papyri ;</subfield>
         <subfield code="v">18.</subfield>
      </datafield>
      <datafield tag="OWN" ind1=" " ind2=" ">
         <subfield code="a">GENERAL</subfield>
      </datafield>
      <datafield tag="AVA" ind1=" " ind2=" ">
         <subfield code="a">NYU50</subfield>
         <subfield code="b">BOBST</subfield>
         <subfield code="c">Main Collection</subfield>
         <subfield code="d">PA3305 .M5 vol.18</subfield>
         <subfield code="e">available</subfield>
         <subfield code="t">Available</subfield>
         <subfield code="f">1</subfield>
         <subfield code="g">0</subfield>
         <subfield code="h">N</subfield>
         <subfield code="i">0</subfield>
         <subfield code="j">MAIN</subfield>
         <subfield code="k">0</subfield>
      </datafield>
      <datafield tag="AVA" ind1=" " ind2=" ">
         <subfield code="a">NYU50</subfield>
         <subfield code="b">NISAW</subfield>
         <subfield code="c">Large Collection</subfield>
         <subfield code="d">PA3305 .M5 vol. 18</subfield>
         <subfield code="e">available</subfield>
         <subfield code="t">Available</subfield>
         <subfield code="f">1</subfield>
         <subfield code="g">0</subfield>
         <subfield code="h">N</subfield>
         <subfield code="i">0</subfield>
         <subfield code="j">LARGE</subfield>
         <subfield code="k">0</subfield>
      </datafield>
      <marc:datafield tag="852" ind1=" " ind2=" ">
         <marc:subfield code="b">Institute for the Study of the Ancient World, </marc:subfield>
         <marc:subfield code="c">Large Collection</marc:subfield>
         <marc:subfield code="e">15 East 84th St., </marc:subfield>
         <marc:subfield code="e">New York, NY  10028</marc:subfield>
      </marc:datafield>
   </record>
  
  
  
  
  
  
 </collection>
